2250 3450
88 174 119 220 ιι
258 157 260 162 ’
316 170 355 220 m.
373 171 501 221 runnu
518 171 708 220 cressonis

90 249 192 306 Videre
206 251 267 319 jam
275 250 373 306 videor
384 251 514 321 populum
526 268 543 304 a
555 255 653 306 senatu
664 251 840 322 disjunctum,
848 254 941 309 multi-

86 327 192 380 tudinis
205 327 320 380 arbItrio
335 345 380 381 res
392 328 525 381 maximas
539 329 592 396 agi.
628 328 725 382 Plures
745 329 818 382 enim
834 330 941 385 ducent

88 406 320 476 quemadmodum
349 407 415 459 hacc
439 407 506 459 liant
531 406 613 474 quam
638 407 869 474 quemadmodum
897 408 942 461 his

87 484 240 537 resistatur.
275 488 318 535 42.
338 483 474 546 Quorsum
486 483 574 538 haecl
611 484 683 549 Quia
694 485 753 538 sine
762 485 843 538 sociis
860 502 941 540 nemo

87 559 239 629 quidquam
251 559 307 613 tale
316 563 440 614 conatur.
478 560 704 629 Praecipiendum
716 564 760 615 est
767 561 853 629 igitur
861 560 942 615 bonis

86 640 126 704 ut,
138 635 162 688 si
174 637 202 689 in
215 635 350 703 ejusmodi
362 636 496 690 amicitias
506 636 595 705 ignari
607 654 671 691 casu
683 637 775 706 aliquo
786 637 941 706 inciderint,
993 634 995 637 ’

86 728 122 768 ne
134 713 293 767 existiment
304 713 344 767 ita
357 729 386 767 se
398 712 525 781 alligatos
543 717 576 767 ut
590 714 625 768 ab
637 715 732 768 amicis
746 714 775 767 in
787 730 818 768 re
830 713 941 782 publica

87 788 263 856 peccantibus
275 805 329 842 nou
347 789 505 843 discedant:
521 790 655 859 improbis
670 794 763 845 autem
779 805 869 860 poena
885 793 940 844 sta-

87 865 191 918 tuenda
203 868 247 919 est
254 885 261 931 ;
278 881 329 919 nee
340 881 405 920 vero
417 866 505 919 minor
516 867 550 919 iis
560 867 609 935 qui
621 867 708 921 secuti
721 869 802 920 erunt
814 866 940 932 alterum,

87 957 170 1008 quam
186 941 220 996 iis
238 942 287 1012 qui
298 941 350 1011 ipsi
360 941 464 996 fuerint
475 941 626 1011 impietatis
638 943 728 997 duces.
765 942 832 1007 Quis
843 942 941 996 clarior

86 1015 239 1072 inGraecia
245 1017 442 1072 Themistocle?
460 1018 523 1086 quis
530 1019 686 1087 potentiori
704 1017 752 1087 qui
761 1034 845 1087 quum
854 1017 940 1086 impe·

86 1094 163 1145 rator
169 1091 241 1146 bello
247 1093 357 1147 Persico
364 1093 497 1148 servitute
506 1093 650 1149 Graeciam
658 1093 940 1162 liberassetpropter-

89 1183 144 1236 que
153 1167 283 1221 invidiam
292 1167 321 1220 in
333 1167 459 1220 exsilium
468 1169 598 1236 expulsus
607 1172 689 1236 esset,
698 1169 823 1236 ingratae
833 1170 941 1237 patriae

88 1242 216 1311 injuriam
228 1259 282 1296 non
294 1242 359 1296 tulit
370 1259 452 1311 quam
464 1243 537 1297 ferre
549 1243 653 1297 debuit.
690 1243 768 1298 Fecit
780 1244 853 1297 idem
867 1244 941 1313 quod

90 1333 128 1371 xx
140 1318 216 1372 annis
228 1321 292 1372 aute
304 1319 378 1387 apud
389 1335 439 1372 nos
449 1319 553 1373 fecerat
566 1319 742 1373 Coriolanus.¹
763 1319 817 1373 His
829 1319 941 1388 adjutor

89 1396 184 1448 contra
200 1393 319 1464 patriam
333 1395 460 1448 inventus
476 1398 521 1449 est
536 1411 629 1449 nemo:
647 1395 743 1463 itaque
758 1398 875 1448 mortem
887 1394 940 1448 sibi

89 1470 353 1539 uterqueconscivit.
382 1476 424 1525 43.
437 1470 598 1535 Quaretalis
606 1470 792 1539 improborum
799 1471 941 1525 consensio

88 1562 144 1599 non
162 1547 244 1600 modo
261 1547 436 1600 excusatione
454 1547 591 1601 amicitiae
611 1546 731 1614 tegenda
749 1562 803 1600 non
824 1548 874 1611 est,
891 1545 941 1600 sed

89 1623 180 1690 potius
189 1621 322 1689 supplicio
332 1622 404 1675 omni
415 1622 585 1690 vindicanda,
593 1626 625 1676 ut
633 1639 669 1675 ne
678 1621 739 1691 quis
748 1619 824 1691 [sibi]
833 1637 942 1674 conces-

89 1713 150 1751 sum
161 1699 243 1767 putet
254 1697 371 1751 amicum
382 1697 426 1751 vel
441 1696 542 1751 bellum
556 1697 663 1766 patriae
677 1697 841 1750 inferentem
855 1696 941 1765 sequi

89 1774 169 1839 Quod
181 1774 300 1844 quidem,
312 1776 345 1827 ut
356 1790 402 1827 res
413 1772 504 1841 eoepit
515 1772 563 1841 ire,
581 1773 656 1827 haud
673 1773 729 1828 scio
739 1790 775 1827 an
791 1772 940 1841 aliquando

88 1849 210 1904 futurum
223 1849 267 1904 sit
302 1848 372 1903 Mihi
391 1851 483 1902 autem
499 1865 553 1901 non
573 1848 671 1901 minori
690 1864 772 1901 curae
791 1852 834 1901 est
850 1847 939 1915 qualis

88 1924 254 1991 respublica
264 1927 458 1994 postmortem
476 1940 567 1977 meam
584 1923 678 1976 futura
693 1924 732 1977 sit
749 1939 832 1992 quam
850 1921 940 1991 qualis

88 2000 170 2054 hodie
182 2001 226 2055 sit.

142 2076 228 2132 XIII.
248 2081 290 2131 44.
309 2076 388 2131 Haec
400 2075 485 2144 igitur
497 2074 588 2145 prima
594 2076 640 2129 lex
651 2074 789 2130 amicitiae
800 2075 941 2130 sanciatur

88 2157 121 2209 ut
132 2154 167 2208 ab
179 2152 274 2207 amicis
283 2152 399 2206 honesta
409 2155 543 2220 petamus,
562 2152 710 2206 amicorum
729 2168 813 2206 musa
824 2153 941 2206 honesta

88 2229 236 2297 iaciamus3
252 2246 287 2285 ne
306 2233 495 2298 exspectemus
514 2229 628 2298 quidem
643 2229 709 2282 dum
720 2245 865 2297 rogemur;
882 2233 940 2283 stu-

89 2307 165 2360 dium
177 2323 286 2377 semper
296 2305 378 2374 adsit,
390 2306 528 2360 cunctatio
539 2306 627 2360 absIt:
644 2305 784 2360 consilium
796 2322 861 2359 vero
872 2304 941 2359 dare
1047 2274 1049 2277 >

89 2383 240 2437 audeamus
250 2383 354 2449 libere;
367 2381 516 2452 plurimum
527 2382 557 2435 in
569 2381 690 2437 amicitia
705 2382 853 2435 amicorum
868 2380 940 2435 bene

89 2458 262 2513 suadentium
282 2457 375 2512 valeat
391 2457 549 2526 auctoritas,
568 2475 655 2528 eaque
674 2460 705 2513 et
722 2457 888 2512 adhibeatur
903 2456 940 2511 ad

89 2536 254 2590 monendum
270 2552 325 2589 non
343 2535 424 2589 modo
440 2537 538 2603 aperte
556 2534 607 2589 sed
626 2534 710 2589 ctiam
728 2534 837 2600 aerIter,
853 2533 876 2587 si
895 2550 941 2587 res

88 2612 246 2681 postulabit,
260 2615 289 2666 et
300 2611 440 2665 adhibitae
452 2614 590 2679 pareatur.
627 2615 669 2664 45.
686 2610 759 2663 Nam
766 2608 940 2679 quibusdam
984 2614 987 2619 '

89 2704 158 2756 quos
169 2688 252 2741 audio
265 2686 405 2755 sapientes
414 2686 542 2740 habItos'
534 2704 563 2741 m
573 2686 696 2753 Graecia,
704 2686 838 2753 placuisse
844 2702 942 2754 opinor

89 2763 226 2817 mirabilia
242 2762 392 2850 quaedam:
409 2761 458 2815 sed
477 2761 545 2815 nihil
564 2764 608 2815 est
627 2761 701 2829 quod
715 2761 757 2814 illi
775 2778 830 2815 uon
847 2776 941 2829 perse-

90 2842 210 2907 quantur
238 2837 295 2891 suis
315 2837 445 2904 argutiis:
464 2838 567 2906 partim
588 2836 733 2904 higiendas
756 2852 818 2891 esse
842 2836 943 2889 nimias

89 2913 223 2968 amicitias
234 2929 270 2967 ne
280 2928 392 2966 necesse
411 2912 447 2966 sit
458 2928 542 2965 unum
558 2912 705 2966 sollicitum
720 2928 781 2967 esse
793 2928 845 2981 pro
858 2912 943 2980 pluri-

70 3026 72 3031 ,
90 2988 159 3043 bus:
177 2988 245 3043 satis
257 3003 394 3056 superque
413 3004 473 3041 esse
485 3004 595 3041 suanum
607 2988 706 3056 cuique
725 3005 825 3056 rerum,
845 2988 943 3041 alienis

89 3065 170 3119 nimIs
194 3063 328 3132 implicari
351 3063 496 3117 molestum
522 3079 600 3128 esse;
620 3063 868 3117 commodissimum
881 3080 942 3117 esse

90 3156 172 3208 quam
196 3138 349 3192 laxissimas
370 3138 491 3192 habenas
514 3138 617 3192 habere
640 3138 783 3206 amicitiae,
805 3155 874 3208 quas
896 3139 941 3193 vel

90 3214 211 3269 adducas
222 3229 307 3283 quum
324 3213 391 3267 velis
410 3213 454 3267 vel
470 3213 614 3278 remittas;
632 3217 715 3283 caput
733 3214 805 3267 enim
826 3229 886 3268 esse
902 3213 941 3268 ad
