2250 3450
113 137 146 186 92
340 134 379 183 M
397 134 525 184 TULLII
543 134 737 183 CICERONIS
768 172 770 176 .

112 219 213 271 nautae
235 215 367 270 festinare
391 218 521 285 quaestus
544 215 588 270 sui
610 232 698 271 causa.
736 215 807 272 Oaut
794 219 841 272 tus
861 217 906 288 sis,
926 218 965 280 mi

113 292 182 346 liro.
218 291 297 346 Mare
309 308 438 360 magnum
450 294 480 346 et
491 290 601 346 difficile
612 292 664 346 tibi
676 295 771 348 restat.
807 294 837 349 Si
853 295 965 376 poteris

112 384 174 421 cum
191 367 714 437 Mescinio;caute1ssolctnavigare.
751 337 965 438 διιιιιιιιιιιιιιιιΙ

111 443 227 498 honesto
246 443 337 512 aliquo
360 444 470 498 homine
494 449 620 513 cujus
597 445 761 500 auctoritate
785 444 965 508 navicularius

112 522 260 574 moveatur.
297 519 332 572 In
355 520 406 573 hoc
427 537 535 574 omnem
561 521 686 590 diligent'
681 539 734 576 am
758 523 781 576 si
806 522 965 577 adhibueris

112 598 196 663 teque
219 596 298 649 nobis
319 595 483 650 incolumem
507 597 620 665 stiteris,
645 599 735 652 omnia
758 616 774 653 a
798 603 827 653 te
849 579 964 656 habebo.

112 670 204 724 Etiam
222 676 308 741 atque
325 673 417 740 etiam,
434 676 528 728 noster
544 675 616 742 l'iro,
633 674 699 728 vale
737 674 854 743 Medico,
874 675 964 750 Curio,

112 745 410 817 Lysonidctescripsi
423 749 640 817 diligentissime
676 750 755 819 Vale,
768 751 847 805 salve.
951 741 957 772 ⁴

14 905 25 931 ⁸
135 906 158 955 2.
187 903 346 955 TULLIUS
362 904 407 951 ET
424 903 561 964 CICERO,
580 903 772 967 TERENTIA,
790 905 937 968 TULLIA,

295 984 327 1043 Q.
345 984 376 1043 Q.
395 984 521 1032 TIRONI
538 985 563 1033 S.
583 984 689 1034 PLUR.
709 987 779 1037 DIO.

370 1093 437 1157 (xva
451 1096 489 1145 11.
524 1109 549 1144 ι.
563 1107 588 1144 u.
602 1107 624 1144 c.
638 1094 704 1158 705.)

112 1185 172 1239 litai
184 1183 418 1254 opportunitatem
430 1199 530 1252 operae
539 1185 604 1237 tuae
613 1183 737 1237 omnibus
748 1183 816 1238 locis
828 1184 962 1255 desidero,

113 1266 204 1315 tamen
216 1277 270 1314 non
281 1263 340 1314 tam
351 1276 413 1314 mea
422 1276 507 1329 quam
517 1263 567 1314 tua
579 1276 660 1313 eausa
669 1259 748 1314 doleo
760 1263 789 1316 te
801 1277 855 1315 non
864 1262 962 1316 valere.

112 1337 167 1391 Sed
185 1337 313 1405 quoniam
327 1336 356 1390 in
372 1338 536 1406 quartanam
552 1351 684 1390 conversa
695 1337 737 1390 vis
755 1340 799 1391 est
816 1337 912 1406 morbi,
924 1338 964 1392 sio

111 1413 184 1467 enim
200 1413 297 1468 scribit
312 1413 419 1478 Ourius,
433 1429 513 1480 spero
528 1416 559 1466 te
576 1411 720 1479 diligentia
737 1412 862 1467 adhibita
879 1379 963 1468 etiam¹

110 1489 258 1544 firmiorem
266 1490 332 1544 fore
361 1489 445 1542 Modo
457 1489 507 1556 fac,
518 1488 549 1542 id
561 1491 634 1558 quod
648 1492 690 1542 ost
702 1488 880 1543 humanitatis
892 1494 962 1557 tuac,

110 1565 222 1633 nequid
232 1565 307 1620 aliud
318 1583 397 1619 cures
408 1566 459 1619 hoc
471 1569 595 1633 tompore
607 1565 657 1617 nisi
671 1567 794 1634 utquam
804 1566 963 1627 commodis:

110 1641 178 1695 sime
196 1642 373 1696 convalescas.
410 1642 473 1695 Non
491 1641 586 1708 ignoro
614 1643 747 1711 quantum
768 1659 803 1696 ex
825 1641 962 1696 desiderio

110 1717 225 1786 labores,
238 1717 288 1772 sed
300 1722 381 1773 amnt
393 1718 484 1772 omnia
497 1717 587 1773 facilia
600 1719 623 1773 si
635 1717 744 1773 valebis.
776 1718 920 1774 Festinare
933 1724 962 1775 te

109 1793 179 1862 nolo,
188 1811 223 1848 ne
234 1811 352 1849 nauseae
364 1795 517 1850 molestiam
531 1796 662 1865 suscipias
678 1811 759 1863 aeger
772 1799 801 1849 et
811 1796 962 1864 periculose

109 1870 200 1924 hieme
223 1870 340 1939 naviges.
377 1872 436 1939 Ego
455 1871 491 1924 ad
511 1871 608 1925 urbem
633 1872 734 1925 accessi
757 1871 846 1939 pn’die
870 1872 962 1925 Nonas

109 1945 222 2000 Januar.
259 1945 375 2001 Obviam
391 1946 457 1999 mihi
473 1947 513 2000 sic
528 1950 572 2000 cst
587 1947 727 2015 proditum
742 1951 775 2001 ut
790 1947 858 2000 nihil
875 1948 961 2016 possit

108 2022 169 2076 fieri
185 2022 315 2077 ornatius.
345 2022 401 2077 Sed
417 2022 501 2076 incidi
517 2023 545 2076 in
560 2023 648 2091 ipsam
660 2022 797 2077 flammam
809 2023 894 2077 civilis
907 2023 961 2078 dis·

92 2099 219 2154 cordiae
236 2099 280 2153 vel
295 2100 387 2169 potius
401 2099 475 2170 belli,
486 2101 531 2154 cui
551 2118 636 2170 quum
655 2116 782 2168 euperem
801 2099 907 2154 mederi
925 2104 960 2168 et,

108 2179 141 2230 ut
165 2175 292 2242 arbitror,
316 2192 432 2245 possem,
459 2175 627 2247 cupiditates
653 2180 790 2230 certorum
813 2175 960 2243 hominum,

108 2268 172 2305 nam
190 2269 226 2306 ex
242 2256 361 2322 utraque
375 2256 456 2322 parte
476 2257 541 2307 sunt
555 2253 608 2322 ‚qui
630 2268 753 2322 pugnare
774 2253 892 2321 cupiant,
911 2253 961 2305 im-

107 2328 266 2396 pedimento
275 2330 342 2383 mihi
354 2331 472 2384 fuerunt.
497 2329 616 2382 Omnino
626 2332 655 2383 et
664 2329 724 2399 ipse
737 2328 845 2395 Caesar,
858 2328 960 2383 amious

107 2409 208 2474 noster,
221 2407 339 2461 minaces
354 2406 390 2460 ad
405 2409 531 2460 senatum
546 2409 576 2460 et
590 2406 703 2460 acerbas
721 2405 817 2459 literas
832 2404 960 2473 miserat;

107 2484 137 2534 et
156 2485 217 2536 erat
234 2482 324 2537 adhuc
341 2481 487 2552 impudens
508 2482 556 2551 qui
576 2482 727 2536 exercitum
747 2485 777 2535 et
795 2480 960 2549 provinciam

106 2556 194 2612 invito
212 2563 309 2613 senatu
326 2562 447 2614 teneret:
475 2562 504 2613 et
524 2558 608 2613 Ourio
629 2572 707 2613 meus
725 2557 802 2611 illum
821 2556 960 2611 incitabat.

109 2634 246 2689 Antonius
262 2634 374 2703 quidem
388 2639 482 2689 noster
498 2638 527 2689 ιι
545 2634 575 2697 O.
595 2634 705 2688 Cassius
723 2633 798 2685 nulla
811 2632 838 2685 vi
854 2631 960 2701 expulsi

106 2709 143 2762 ad
155 2710 301 2764 Caesarem
313 2728 375 2765 cum
388 2712 506 2765 Curione
518 2710 633 2779 profecti
651 2714 736 2763 erant.
774 2708 960 2775 Posteaquam

106 2787 220 2838 senatus
234 2785 396 2853 consulibus,
408 2786 589 2855 praetoribus,
602 2786 721 2840 tribunis
732 2784 828 2853 plebis,
841 2787 871 2837 et
882 2782 961 2836 nobis

106 2860 154 2926 qui
165 2876 282 2929 procoss.
295 2877 395 2928 sumus,
410 2863 550 2930 negotium
568 2861 684 2916 dederat
700 2865 732 2916 ut
750 2875 915 2923 curaremus,
925 2875 961 2912 ne

107 2934 176 3001 quid
192 2935 360 3004 respublica
375 2937 536 2991 detrimenti
553 2944 671 3005 caperet,
687 2952 837 3005 numquam
855 2933 960 3000 majore

105 3008 134 3061 in
157 3010 279 3079 periodo
302 3011 399 3066 civitas
420 3014 481 3080 fuit,
504 3028 654 3081 numquam
676 3012 795 3081 improbi
819 3011 893 3065 cives
914 3010 961 3064 ha·

105 3083 226 3138 buerunt
249 3088 417 3154 paratiorem
437 3088 541 3143 ducem.
579 3087 697 3140 Omnino
718 3103 752 3140 ex
775 3085 827 3139 hac
849 3102 960 3155 quoque

105 3161 187 3227 parte
200 3160 409 3228 diligentissime
426 3165 608 3231 comparatur.
646 3162 681 3215 ld
697 3162 730 3215 lit
747 3161 913 3216 auctoritate
930 3165 960 3216 et
