2250 3450
364 111 529 162 LAELIUS.
563 111 641 160 uAP.
653 111 715 161 XV.
727 112 807 164 XVI.
995 118 1026 162 45

176 194 275 264 diligat
293 209 458 264 quemquam
475 209 527 248 nee
543 193 603 261 ipse
623 191 658 246 ab
678 193 735 246 ullo
756 193 895 262 diligatur,
912 193 1027 250 circum·

177 271 395 326 iluereomnibus
405 269 748 338 copiisatqueinomnium
757 269 1026 328 rerumabundantia

177 346 288 400 viveret
314 346 389 400 Haec
399 346 471 400 euim
484 349 527 405 est
538 349 714 414 tyrannorum
723 345 788 410 rita,
796 345 825 398 in
835 362 890 414 qua
898 346 1025 400 nimirum

176 422 251 476 nulla
271 422 347 490 fides,
367 422 442 475 nulla
462 420 570 488 caritas,
593 420 668 474 nulla
691 420 797 474 stabilis
819 421 1027 478 benevolentias

176 501 269 566 potest
294 514 354 552 esse
383 497 499 562 fiducia;
530 498 621 551 omnia
649 513 758 565 semper
787 502 913 566 suspecta
942 502 1026 568 atque

176 574 299 642 sollicita,
311 574 402 628 nullus
414 573 488 626 locus
501 573 644 628 amicitiae.
679 578 720 627 53.
739 573 806 639 Quis
817 573 890 628 euim
902 578 951 629 aut
962 591 1025 629 eum

176 649 274 718 diligat
290 666 371 717 quem
387 653 501 716 metuat,
520 653 569 703 aut
587 666 649 704 eum
667 666 684 702 a
702 666 756 717 quo
775 666 804 703 se
822 650 908 703 metui
925 653 1025 719 putet?

176 725 310 779 Ooluntnr
321 729 413 779 tamen
426 725 596 780 simulatione
605 724 750 778 dumtaxat
758 725 795 778 ad
803 728 921 793 tempus.
946 726 1026 791 Quod

175 801 199 854 si
216 801 294 868 forte,
312 805 344 855 ut
362 801 395 856 fit
413 801 582 869 plerumque,
604 800 759 868 ceciderint,
780 803 841 854 tum
861 801 1026 870 intelligitur

175 893 257 944 quam
285 876 387 931 fuerint
418 877 512 946 inopes
545 877 700 930 amicorum.
736 877 817 941 Quod
848 878 1024 947 Tarquinium

175 952 277 1006 dixisse
297 953 388 1007 ferunt
412 955 472 1007 tum
508 953 677 1006 exsulantem
714 969 743 1006 se
766 954 939 1008 intellexisse
955 971 1025 1024 quos

174 1028 245 1082 fidos
258 1029 358 1083 amicos
372 1027 521 1096 habuisset,
538 1045 606 1097 quos
622 1028 730 1095 infidos,
748 1046 832 1097 quum
844 1029 904 1098 jam
920 1031 1025 1085 neutris

70 1109 73 1116 '
173 1105 290 1172 gratiam
316 1105 420 1160 reterre
445 1108 547 1172 posset.
595 1112 636 1159 54.
666 1104 837 1173 Quamquam
865 1107 950 1159 miror
978 1107 1026 1161 illa

174 1181 301 1248 superbia
317 1185 346 1235 et
362 1180 572 1248 importunitate
588 1180 611 1232 si
627 1196 792 1249 quemquam
808 1181 910 1235 habere
925 1183 1025 1251 potuit.

173 1256 268 1324 Atque
282 1260 315 1310 ut
330 1256 412 1324 hujus
429 1271 511 1324 quem
529 1252 587 1308 dili
604 1271 694 1308 mores
712 1271 791 1309 veros
808 1256 909 1311 amieos
926 1275 1024 1326 parare

171 1347 225 1384 non
244 1335 401 1400 potueruut,
421 1333 460 1384 sic
478 1331 628 1384 multorum
647 1348 714 1400 opes
732 1334 953 1400 praepotentium
974 1351 1021 1388 ex-

171 1406 286 1460 cludunt
309 1407 442 1462 amicitias
465 1405 569 1459 fideles.
605 1407 667 1460 Nou
691 1408 764 1461 enim
783 1408 869 1460 solum
890 1408 950 1476 ipsa
968 1410 1022 1463 ior-

171 1486 239 1536 tuna
255 1499 335 1536 caeca
351 1486 401 1549 est,
418 1482 468 1536 sed
482 1499 529 1536 eos
547 1483 631 1536 etiam
648 1483 809 1552 plerumque
827 1483 909 1539 efficit
926 1503 1021 1540 <accos

171 1574 240 1627 quos
255 1558 395 1627 complexa
412 1561 461 1612 est.
499 1559 599 1627 Itaque
617 1558 768 1612 efferuntur
785 1560 844 1613 iere
860 1560 973 1615 fastidio
990 1566 1020 1617 et

170 1635 346 1701 coutumacia,
365 1650 454 1703 neque
478 1635 628 1704 quidquam
649 1634 796 1702 insipiente
817 1636 956 1691 fortunato
978 1639 1019 1692 in-

169 1709 339 1765 tolerabilius
362 1710 421 1766 fieri
444 1714 545 1780 potest.
592 1712 688 1780 Atque
711 1711 763 1767 hoo
787 1712 898 1781 quidem
924 1714 1024 1773 videre,

168 1786 240 1855 licet,
253 1788 358 1857 eosqui
371 1791 452 1841 antea
464 1788 612 1842 commodis
624 1788 734 1842 fuerunt
750 1788 879 1853 moribus,
895 1790 1017 1861 imperio,

167 1866 312 1934 potestate,
323 1864 462 1932 prosperis
473 1864 557 1919 rebus
566 1864 712 1932 immutari,
722 1865 814 1933 sperni
822 1864 858 1918 ab
867 1865 901 1918 iis
910 1871 1018 1921 veteres

167 1939 307 2007 amicitias,
332 1940 469 2008 indulgeri
494 1941 578 1995 novis
616 1947 657 1993 55.
684 1939 758 2005 Quid
783 1943 876 1994 autem
905 1942 1017 1995 stultius

167 2032 256 2083 quam,
290 2032 373 2085 quum
405 2016 553 2085 plurimum
581 2017 672 2085 copiis,
704 2015 888 2084 faeulmibus,
920 2016 1017 2086 opibus

102 2122 104 2127 .
166 2092 279 2159 possint,
301 2096 392 2146 cetera
412 2109 511 2161 parare
532 2109 602 2160 quae
623 2096 754 2161 parantur
777 2093 899 2160 pecunia,
922 2109 1016 2161 equos,

165 2167 288 2234 famulos,
306 2171 411 2221 vestem
432 2168 577 2235 egregiam,
598 2184 664 2222 vasa
683 2168 821 2236 pretiosa3
841 2168 942 2221 amicos
961 2185 1016 2222 non

106 2278 107 2282 κ
165 2257 270 2310 parare,
289 2244 419 2311 optimam
438 2246 467 2295 et
484 2242 696 2311 pulcherrimam
713 2242 794 2310 vitae,
812 2245 844 2295 ut
861 2243 901 2296 ita
919 2243 1017 2316 dicam,

165 2319 382 2387 supellectilem?
419 2318 529 2371 Etenim
541 2322 634 2373 eetera
646 2328 732 2388 quum
743 2322 849 2386 parunt,
862 2318 905 2370 eui
916 2323 1017 2388 parent

165 2395 298 2461 nesciunt,
309 2411 360 2449 nec
372 2394 450 2463 eujus
458 2410 540 2447 causa
548 2394 674 2447 laborent
684 2415 691 2458 ;
700 2394 760 2461 ejus
767 2394 840 2448 euim
852 2395 1016 2450 estistorum

165 2469 287 2537 quidque
311 2470 359 2539 qui
382 2469 467 2523 vincit
490 2469 610 2523 viribus:
635 2469 816 2523 amicitiarum
843 2486 891 2523 sua
917 2471 1016 2540 cuique

84 2562 85 2567 ¹
164 2548 312 2611 permanet
328 2544 434 2599 stabilis
446 2550 476 2599 et
496 2548 573 2599 certa
596 2545 738 2613 possessio,
759 2548 792 2598 ut
815 2546 899 2599 etiam
923 2547 946 2599 si
969 2547 1016 2602 illa

165 2625 300 2687 maneant,
321 2637 391 2690 quae
412 2624 476 2675 sunt
497 2621 575 2690 quasi
596 2621 668 2675 dona
688 2622 823 2688 fortunae,
842 2625 935 2675 tamen
958 2623 1015 2677 vita

163 2694 266 2751 inculta
281 2701 310 2751 et
329 2698 439 2751 deserta
457 2695 492 2751 ab
513 2696 606 2751 amicis
626 2713 681 2751 non
700 2698 788 2767 possit
808 2713 869 2751 esse
884 2696 1014 2767 jucunda

164 2770 219 2825 Sed
231 2771 298 2827 haec
309 2774 447 2829 hactenus.

215 2846 294 2903 XVI.
313 2855 353 2904 56.
374 2849 564 2904 Constituendi
578 2851 642 2902 sunt
653 2852 746 2904 autem
759 2850 805 2919 qui
818 2850 911 2905 sintin
921 2851 1014 2905 amici·

162 2922 202 2977 tia
209 2923 276 2979 lines
288 2930 317 2979 et
329 2926 405 2996 quasi
417 2926 529 2981 termini
542 2925 673 2993 diligendi
680 2948 687 2993 ;
704 2928 740 2981 de
753 2929 851 2996 quibus
862 2932 920 2982 tres
932 2928 1013 2983 video

162 3004 312 3057 sententias
324 3003 390 3057 ferri
403 3020 518 3073 quarum
534 3003 635 3057 nullam
652 3004 751 3072 probo;
770 3021 851 3057 unam
865 3007 898 3057 ut
914 3003 1011 3055 eodem

161 3078 243 3131 modo
255 3096 321 3147 erga
332 3080 433 3134 amicos
445 3079 534 3134 affecti
548 3080 632 3133 simus
648 3096 702 3146 quo
718 3096 783 3147 erga
798 3076 1012 3144 nosmetipsos,

153 3152 276 3229 alteram
292 3158 324 3209 ut
340 3159 435 3210 nostra
449 3156 477 3208 in
495 3155 595 3209 amieos
612 3153 803 3209 benevolentia
819 3154 927 3206 illorum
944 3164 1012 3214 erga
