2250 3450
125 143 155 189 18
349 141 390 192 Μ.
407 141 536 192 TULLII
552 143 744 196 CICERONIS

122 222 208 274 creat.
233 218 370 286 Malleoli,
387 220 506 290 plantae,
524 225 671 291 sarmenta,
689 221 857 292 viviradices,
878 241 977 297 propu-

122 296 206 364 gines,
225 311 314 356 nonne
333 311 367 350 ea
384 295 504 351 efficiunt
522 301 555 351 ut
572 298 697 366 quemvis
714 314 776 352 cum
794 299 976 357 admiratione

122 371 279 426 delectanti
315 371 388 426 Vitis
409 372 520 446 quidem
544 390 616 442 qnae
638 378 738 428 natura
760 375 863 430 caduca
886 380 978 433 estet

122 447 174 500 nisi
186 447 256 502 fulta
267 446 304 501 sit
315 447 404 502 fertur
416 448 452 501 ad
464 451 578 516 terram,
590 448 688 503 eadem
700 453 733 504 ut
751 466 781 505 se
793 451 883 519 erigat
894 453 977 507 clavi-

122 522 190 577 culis
203 522 344 592 suisquasi
354 523 479 578 mansibus
487 524 624 593 quidquid
634 528 677 579 est
685 529 767 580 nacta
776 527 978 596 complectitur;

122 615 205 668 quam
217 603 372 669 serpentem
389 599 534 669 multiplici
553 600 633 670 lapsu
651 604 681 656 et
698 603 817 657 erratico
828 603 902 658 icrro
920 621 977 660 am-

121 678 223 744 putans
239 678 348 730 coercet
365 691 410 730 ars
427 675 617 745 agricolarum,
635 693 670 732 ne
688 678 813 733 silvescat
831 682 977 736 sarmentis

49 801 55 822 ,
122 755 152 806 et
164 751 192 806 in
204 767 297 806 omnes
308 754 403 820 partes
414 751 498 805 nimia
509 751 650 807 fundatur.
686 759 727 808 53.
746 754 847 823 Itaque
864 755 977 811 ineunte

122 843 187 880 vere
198 827 227 880 in
238 826 273 881 iis
284 843 355 896 quae
372 827 468 882 relicta
486 831 550 881 sunt
567 829 678 883 exsistit
696 832 836 899 tamquam
854 831 891 885 ad
909 833 976 887 arti·

122 902 197 956 culm
209 906 408 957 sarmentorum
421 919 537 970 eaquae
549 919 658 971 gemma
671 904 780 975 dicitur,
792 922 810 960 a
821 923 875 976 qua
887 909 977 962 oriens

121 994 175 1032 usa
192 994 253 1032 sese
270 978 410 1044 ostendit3
428 994 499 1046 quaa
517 982 547 1032 et
561 995 642 1034 succo
659 983 751 1035 terrae
765 986 795 1036 et
810 983 900 1037 calore
912 984 978 1037 solis

122 1069 271 1121 augescens
282 1055 371 1124 primo
383 1058 426 1109 est
438 1054 587 1124 peracerba
596 1059 718 1124 gustatu,
728 1056 829 1112 deinde
838 1063 978 1113 maturata

122 1129 430 1200 dulcescituestitaque
446 1131 582 1199 pampinis
599 1147 650 1186 nec
667 1131 774 1186 modico
791 1136 888 1202 tepore
900 1139 978 1188 carot

122 1208 152 1260 et
164 1206 262 1260 nimios
274 1205 338 1262 solis
349 1206 475 1261 defendit
486 1207 608 1262 ardores.
643 1208 704 1272 Qua
721 1207 789 1276 quid
805 1212 899 1277 potest
916 1226 977 1264 esse

122 1285 182 1336 tum
192 1282 285 1337 fructu
296 1282 396 1337 laetius
408 1285 468 1338 tum
479 1283 614 1351 adspectu
625 1283 784 1351 pulchrius?
820 1283 905 1352 (injus
917 1285 978 1355 qui-

122 1357 186 1412 dem
200 1374 255 1414 non
269 1358 373 1414 utilitas
391 1375 435 1413 me
452 1359 547 1426 solum,
559 1362 593 1413 ut
607 1362 672 1413 ante
684 1358 750 1426 dixi,
763 1359 908 1422 sedetiam
921 1361 977 1415 cul-

122 1437 187 1488 tura
204 1438 234 1489 et
251 1434 311 1503 ipsa
329 1437 428 1488 natura
446 1434 584 1489 delectat:
608 1433 836 1489 adminiculorum
859 1436 978 1506 ordines,

121 1510 243 1579 capitum
254 1509 370 1578 jugatio,
386 1510 512 1577 religatio
524 1512 553 1564 et
566 1511 727 1579 propagatio
739 1510 845 1580 vitium,
856 1528 980 1567 sermon..

116 1587 268 1656 torumque
279 1602 313 1640 ea
325 1601 409 1655 quam
423 1585 481 1638 dixi
493 1585 611 1639 aliorum
627 1586 780 1655 amputatio
796 1587 912 1642 aliorum
928 1588 978 1641 im-

122 1661 222 1715 missio.
248 1661 320 1727 Quid
331 1677 382 1730 ego
394 1660 575 1730 irrigationes,
589 1661 657 1731 quid
669 1661 802 1717 fossiones
814 1663 874 1733 agui
885 1679 978 1735 repas

122 1738 324 1806 tinstionesque
336 1738 473 1807 proferam
486 1737 586 1806 quibus
598 1738 631 1792 fit
643 1740 730 1793 multo
737 1740 978 1795 terrasecundiorl

122 1820 163 1869 54.
182 1813 255 1879 Quid
267 1813 303 1867 de
315 1812 436 1868 utilitate
442 1813 539 1883 loquar
548 1815 718 1869 stercorandi
728 1818 738 1870 l
756 1815 815 1869 dixi
825 1815 854 1869 in
866 1832 899 1871 eo
908 1815 979 1884 libro

122 1906 205 1961 quem
217 1889 253 1943 de
265 1889 347 1943 rebus
359 1890 468 1945 misticis
481 1890 585 1960 scripsi,
603 1890 639 1945 de
651 1908 706 1960 qua
723 1892 821 1946 doctus
837 1892 978 1946 Hesiodus

122 1983 158 2021 ne
166 1965 280 2020 verbum
292 1965 403 2034 quidem
414 1965 480 2019 fecit
492 1982 577 2035 quum
589 1966 626 2020 de
638 1968 746 2022 cultura
759 1968 818 2036 agri
831 1967 978 2025 scriberet:

123 2044 153 2096 at
172 2041 317 2109 Homerus,
335 2042 381 2111 qui
402 2042 503 2110 multis,
522 2046 555 2097 ut
574 2043 641 2096 mibi
661 2043 779 2111 videtur,
798 2048 862 2099 ante
881 2044 980 2099 seculis

122 2118 184 2185 urit,
200 2116 328 2171 Laertem
346 2117 493 2174 lenientem
515 2118 692 2187 desiderium,
717 2119 793 2189 quod
814 2121 941 2189 capiebat
963 2136 979 2174 e

123 2193 188 2262 filio,
201 2193 335 2248 colentem
353 2210 450 2262 agrum
468 2197 498 2249 et
515 2212 578 2250 eum
593 2199 792 2250 stercorantem
811 2196 884 2251 iacit.
920 2196 946 2249 N
949 2212 979 2249 ec

123 2285 188 2323 vero
204 2268 344 2338 segetibus
358 2269 445 2323 solum
461 2275 491 2326 et
507 2272 596 2341 pratis
615 2274 643 2325 et
660 2270 746 2325 vineis
761 2274 791 2324 et
802 2270 923 2324 arbustis
934 2287 980 2324 res

123 2345 241 2401 misticae
257 2346 346 2401 laetae
362 2350 434 2415 sunt,
446 2347 495 2403 sed
510 2348 595 2402 etiam
610 2348 698 2402 hortis
714 2350 744 2401 et
755 2347 902 2415 pomariis;
919 2350 979 2400 tum

123 2422 259 2490 pecudum
276 2425 364 2491 pastu,
383 2424 475 2492 apium
493 2424 672 2491 examinibus,
692 2423 789 2477 florum
802 2422 923 2477 omnium
935 2440 980 2477 va·

123 2498 230 2552 rietate
265 2499 324 2553 Nec
336 2499 499 2554 consitiones
511 2500 594 2554 modo
613 2500 754 2555 delectant
772 2499 822 2554 sed
840 2500 923 2554 etiam
942 2500 981 2552 in-

123 2574 244 2641 sitiones,
256 2574 355 2643 quibus
366 2575 433 2629 nibil
447 2576 553 2630 invenit
564 2577 733 2645 agricultura
745 2577 890 2631 sollertius.

177 2649 258 2705 XVI.
283 2657 326 2705 55.
352 2649 468 2705 Possum
480 2653 609 2722 persequi
621 2653 710 2707 multa
723 2652 927 2707 oblectamenta
939 2666 981 2705 re

124 2740 186 2779 rum
204 2726 384 2793 rusticarum3
410 2727 460 2781 sed
479 2744 512 2783 ea
533 2729 594 2797 ipsa
613 2746 684 2797 quae
704 2729 762 2782 dixi
786 2727 870 2781 luisse
892 2727 981 2781 sentio

124 2798 254 2866 longiora.
290 2801 442 2869 Ignoscetis
454 2807 561 2868 autem3
580 2820 644 2856 nam
661 2807 691 2857 et
707 2802 799 2857 studio
814 2819 908 2857 rerum
921 2820 981 2857 rus·

124 2873 240 2929 tiearum
251 2881 396 2945 provectus
409 2894 477 2943 snm,
487 2882 517 2931 et
529 2881 655 2931 senectus
665 2882 708 2932 est
719 2881 820 2932 natura
833 2879 981 2949 loquacior,

125 2967 159 3005 ne
170 2950 206 3004 ab
218 2950 342 3005 omnibus
356 2967 417 3005 eam
429 2952 612 3006 vitiis‘ridear
623 2953 769 3009 vindicare.
800 2955 874 3024 lingo
887 2956 916 3009 in
928 2954 981 3009 hac

125 3026 183 3081 rita
203 3026 248 3082 Μ’.
267 3026 372 3091 Curius,
392 3027 532 3095 quamde
553 3027 730 3095 Samnitibus,
750 3029 786 3084 de
807 3030 923 3097 Sabinis,
945 3030 981 3083 de

127 3100 232 3171 Pyrrho
259 3100 462 3169 triumphasset,
490 3103 658 3172 consumpsit
685 3107 840 3159 extremum
869 3108 979 3172 tempus

125 3177 242 3243 aetatis3
266 3176 346 3246 crrjm
365 3176 479 3245 quidem
499 3193 551 3246 ego
570 3178 664 3233 villam
683 3180 880 3250 contemplans,
899 3179 980 3234 abest
