2250 3450
374 123 631 190 nemronnnom
648 126 751 174 muru
768 127 851 177 nuc.
1009 134 1039 181 ss

188 203 340 260 Mutinensi
347 203 476 257 dicuntur
483 204 618 272 notissimi
630 205 768 261 latronum
779 209 869 264 duces.
888 209 939 264 Est
948 215 1040 266 autem

188 300 243 336 non
257 282 347 335 miuus
364 285 475 349 gratum
492 286 617 337 extrema
634 283 727 339 delere
743 302 825 354 quam
842 287 932 356 prima
947 287 1041 357 depel-

188 359 256 414 lere.
291 357 428 427 Equidem
452 359 646 428 exspectabam
665 361 725 429 jam
749 365 812 416 tuas
837 363 932 416 literas
955 364 1040 434 idque

188 452 251 490 cum
264 437 372 490 multis:
391 436 591 505 sperabamque
608 437 692 492 etiam
711 437 845 507 Lepidum
858 439 899 494 rei
913 440 1040 508 publicae
1085 455 1092 466 ·

188 513 358 582 temporibus
371 514 541 567 admonitum
560 517 652 568 tecum
671 516 701 568 et
719 531 781 568 cum
799 532 831 569 re
849 516 959 585 publica
978 533 1040 572 esse

188 588 331 643 facturum.
361 591 395 643 In
406 590 481 643 illam
491 589 578 658 igitur
589 606 681 643 curam
693 590 826 658 incumbe,
838 592 877 646 mi
889 593 998 661 Plance,
1007 597 1040 648 ut

116 691 120 701 ·
187 681 223 718 ne
240 683 310 734 quae
328 666 446 720 scintilla
464 667 601 720 teterrimi
618 666 683 720 belli
701 666 881 737 relinquatur.
919 668 999 733 Quod
1015 669 1039 722 si

187 742 242 795 erit
257 743 368 809 factum,
382 746 411 796 ct
425 759 484 797 rem
500 743 636 811 publicam
653 743 744 797 diune
758 743 890 799 beneficio
908 745 1038 812 affeceris,

187 817 300 947 {pipse
323 822 463 873 aeternam
486 819 602 888 gloriam
625 835 800 889 consequere.
843 821 879 876 D.
900 835 943 875 111.
966 821 1038 874 Non.

219 911 252 949 a,
381 921 385 928 .

442 1034 480 1080 31.
515 1033 643 1080 CICERO
661 1033 783 1081 PAETO.

454 1136 501 1197 (rx.
515 1138 554 1184 23.
588 1150 614 1184 n.
627 1149 652 1185 o.
667 1149 689 1185 o.
702 1136 769 1199 708.)

147 1254 151 1258 »
187 1219 257 1274 Heri
268 1222 332 1275 veni
343 1221 371 1274 in
384 1221 551 1276 Cumanum:
570 1240 630 1277 oras
642 1223 678 1277 ud
687 1227 716 1278 te
725 1223 849 1277 fortasse.
880 1222 937 1276 Sed
949 1239 1034 1290 quum

185 1300 292 1350 certum
310 1299 401 1365 sciam,
421 1299 521 1352 faciam
540 1303 570 1353 te
587 1301 678 1368 paullo
698 1303 763 1354 aute
782 1298 937 1352 certiorem.
971 1299 1034 1352 Etsi

184 1373 225 1427 M.
243 1373 399 1441 Caeparius,
421 1391 505 1443 quum
523 1376 591 1429 mihi
611 1376 640 1428 in
662 1376 729 1428 silva
753 1374 902 1448 Gallinaria
925 1374 1033 1428 obviam

185 1449 313 1516 venisset,
330 1449 555 1519 quaesissemque
570 1451 637 1519 quid
655 1467 759 1518 ageres,
779 1450 851 1506 dixit
867 1454 897 1506 te
914 1450 1033 1506 inlecto

186 1525 334 1594 essequod
350 1542 385 1580 ex
400 1525 519 1595 pedibus
533 1527 680 1581 laborares.
714 1527 776 1581 Tuli
791 1528 895 1582 scilicet
910 1527 1033 1595 moleste,

145 1622 147 1628 ’
185 1605 219 1657 ut
239 1603 324 1658 debui
333 1625 341 1671 ;
368 1604 418 1658 sed
437 1607 531 1658 tamen
548 1605 677 1660 constitui
698 1604 734 1658 ad
752 1609 781 1660 te
797 1604 890 1659 venire
901 1606 934 1658 ut
948 1606 978 1658 et
994 1604 1032 1658 vi-

185 1678 281 1733 derem
302 1682 331 1734 te
350 1683 381 1736 et
398 1679 516 1735 viserem
537 1684 567 1736 et
587 1697 729 1736 caenarem
751 1681 840 1737 etiam.
876 1680 939 1734 Nou
960 1679 1032 1735 enim

184 1755 304 1811 arbitror
320 1773 414 1811 cocum
426 1757 511 1811 etiam
523 1761 553 1812 te
565 1757 738 1813 arthriticum
750 1757 860 1811 habere.
895 1757 1032 1826 Exspecta
1072 1772 1075 1780 ·

182 1830 270 1901 igitur
286 1832 424 1901 hospitem
442 1849 527 1902 quum
547 1834 659 1889 minime
679 1833 791 1888 edacem
809 1837 870 1888 tum
892 1832 1031 1887 inimicum

182 1908 274 1963 coenis
285 1909 458 1979 sumptuosis.

377 2043 415 2091 32.
442 2041 570 2090 CICERO
587 2040 835 2097 DOLABELLAE.

454 2146 501 2208 (rx.
515 2148 553 2194 12.
589 2159 615 2195 n.
628 2159 654 2196 o.
668 2158 690 2195 c.
703 2144 769 2208 709.)

183 2233 313 2290 Gratulor
325 2233 400 2288 Baiis
411 2233 520 2302 nostris,
530 2233 676 2304 siquidem,
688 2237 720 2288 ut
735 2234 839 2302 scribis,
851 2234 974 2289 salubres
986 2252 1028 2289 re·

181 2315 266 2380 pente
283 2312 372 2365 factae
391 2314 469 2376 sunt3
492 2311 546 2365 nisi
564 2312 636 2365 forte
654 2314 684 2365 te
703 2313 796 2364 amant
817 2313 847 2364 et
865 2310 917 2364 tihi
938 2327 1029 2365 assen-

181 2390 284 2455 tantur,
297 2392 327 2442 et
342 2386 449 2441 tamdiu
465 2386 532 2441 dum
546 2391 578 2441 tu
592 2388 658 2441 ades
673 2391 737 2442 sunt
749 2386 851 2441 oblitae
863 2387 912 2441 sui.
948 2386 1029 2451 Quod

181 2464 293 2533 quidem
308 2465 331 2519 si
346 2464 387 2518 ita
402 2467 452 2529 est,
463 2464 576 2518 minime
590 2465 674 2518 miror
686 2462 791 2517 caelum
803 2464 887 2517 etiam
898 2466 928 2517 et
939 2466 1029 2517 terras
1105 2494 1106 2499 κ

180 2541 236 2595 vim
248 2558 333 2609 suam,
342 2542 366 2595 si
374 2541 427 2596 tibi
438 2542 479 2595 ita
490 2542 640 2609 conveniat,
649 2540 797 2595 dimittere.
822 2539 1029 2595 Oratiunculam

179 2632 230 2686 pro
245 2617 377 2672 Deiotaro
394 2633 477 2686 quam
492 2616 653 2685 requirebas
669 2616 805 2670 habebam
822 2631 938 2684 mecum,
954 2616 1029 2686 quod

178 2710 234 2746 nou
257 2698 391 2762 putaram.
436 2694 535 2761 Itaque
554 2710 615 2746 eam
632 2692 684 2746 tibi
702 2692 771 2757 misi,
790 2708 872 2761 quam
889 2691 972 2746 velim
988 2692 1028 2747 sic

178 2769 254 2837 legas
266 2773 299 2823 ut
310 2785 420 2823 causam
428 2772 541 2823 tenuem
553 2773 583 2823 et
594 2769 703 2837 inopem
714 2784 765 2823 nec
774 2767 921 2837 scriptione
929 2785 1028 2837 magno

178 2861 262 2913 opere
274 2845 392 2913 dignam.
429 2844 484 2899 Sed
496 2861 548 2912 ego
559 2845 662 2913 hospiti
673 2844 762 2899 veteri
774 2847 803 2898 et
815 2843 902 2897 amico
919 2861 1028 2898 munus-

177 2921 270 2975 culum
288 2922 400 2976 mittere
416 2919 512 2989 [volui]
530 2919 675 2986 levidense,
691 2937 782 2975 crasso
800 2920 854 2986 filo,
873 2919 1027 2987 cujusmodi
1112 2984 1115 2989 ,

177 2997 265 3068 ipsius
288 2997 377 3051 solent
400 3013 461 3050 esse
483 3013 604 3051 munera.
641 2997 682 3051 Tu
699 2997 781 3050 velim
799 2995 890 3049 animo
910 2994 1027 3061 sapienti

176 3074 298 3141 sortique
307 3073 345 3128 sis
356 3076 389 3127 ut
399 3074 449 3127 tua
459 3072 612 3128 moderatio
621 3076 650 3127 et
658 3074 779 3140 gravitas
788 3072 904 3125 aliorsun
913 3068 1028 3122 infamet

68 3220 71 3225 ὴ
177 3149 314 3217 injuriam
