2250 3450
131 162 163 209 24
361 159 399 209 Μ.
416 158 715 209 Tunnltclcnnon
718 161 754 209 18

129 241 224 296 videar
242 239 445 310 aliquandoque
468 240 495 294 in
514 244 626 310 portum
650 257 685 295 ex
707 241 789 310 longa
807 242 982 312 navigatione

130 333 190 372 esse
207 320 347 372 venturus.

182 394 244 448 XX.
287 395 327 452 72.
359 392 487 447 Omnium
514 397 638 449 aetatum
659 397 752 448 certus
770 398 813 448 est
830 397 981 451 terminus:

129 471 279 524 senectutis
297 473 389 524 autem
408 469 498 523 nullus
516 473 609 524 certus
626 474 670 525 est
687 471 838 537 terminus,
849 467 980 540 recteque

128 545 157 598 in
169 563 202 600 ea
212 546 320 614 vivitur,
339 545 431 614 quoad
442 561 541 599 munus
558 545 639 600 officii
656 545 771 615 exsequi
789 549 819 599 et
836 547 909 600 tueri
919 565 980 616 pos

129 620 166 675 sis
184 624 323 676 ettamen
338 624 456 676 mortem
474 624 657 676 contemnere.
692 622 735 674 Ex
753 638 807 690 quo
825 621 858 675 fit
875 625 908 676 ut
925 623 981 676 ani-

128 697 229 751 mosior
241 698 324 751 etiam
339 700 466 751 senectus
484 697 520 751 sit
536 714 619 766 quam
637 697 822 752 adolescentia
834 701 863 751 et
873 698 978 753 fortior.

129 772 191 826 Hoc
212 772 283 826 illud
307 777 350 828 est
373 772 449 842 quod
469 773 614 827 Pisistrato
637 776 752 842 tyranno
776 791 793 827 a
817 773 915 828 Solone
938 792 980 829 re

128 864 256 917 sponsum
269 851 319 917 est,
332 865 416 918 quum
428 848 467 901 illi
481 849 633 918 quaerenti,
643 866 699 918 qua
709 848 822 903 tandem
834 865 882 917 spe
891 850 979 905 fretus

128 923 180 977 sibi
200 928 259 978 tam
278 924 419 979 audaciter
439 924 606 992 obsisteret,¹
617 925 789 994 respondisse
814 925 915 979 dicitur
932 927 979 980 Se

127 1003 244 1054 nectute.
281 1001 336 1055 Sed
354 1000 462 1054 vivendi
482 1003 525 1053 est
542 1001 604 1054 finis
622 1002 748 1069 optimus,
767 1018 852 1070 quum
870 1001 980 1070 integra

127 1080 220 1130 monte
233 1077 388 1146 ceterisque
401 1075 527 1130 sensibus
538 1093 608 1144 opus
618 1077 678 1145 ipsa
694 1093 773 1130 suum
792 1076 889 1131 eadem
907 1095 979 1146 quae

127 1153 326 1219 coagmentavit
334 1155 435 1205 natura
445 1151 576 1206 dissolvit
607 1152 648 1206 Ut
659 1169 765 1221 navem,
776 1156 810 1206 ut
819 1153 975 1207 aedificium

126 1225 201 1280 idem
224 1227 343 1282 destrunt
365 1228 493 1282 facillime
519 1228 567 1296 qui
594 1229 754 1296 construxit,
779 1229 818 1282 sic
840 1229 977 1283 hominem

127 1303 223 1357 eadem
235 1305 337 1372 optime
349 1320 419 1374 quae
432 1304 630 1372 conglutinavit
639 1307 740 1358 natura
751 1304 883 1358 dissolvit.
912 1306 930 1358 J
932 1322 977 1358 am

127 1379 213 1433 omnis
224 1380 420 1448 conglutinatio
431 1397 527 1434 recens
538 1397 629 1448 aegro,
637 1381 792 1434 inveterata
802 1380 881 1434 facile
893 1381 978 1435 divel-

126 1454 198 1510 litur.
234 1457 280 1511 Ita
299 1457 378 1511 litut
395 1455 464 1511 illud
481 1456 567 1511 breve
584 1457 657 1510 vitae
674 1456 810 1524 reliquum
828 1473 879 1509 nec
897 1457 978 1510 avide

126 1532 311 1600 appetendum
330 1532 440 1586 senibus
462 1549 513 1586 nec
536 1533 595 1586 sine
618 1525 701 1586 causa
720 1532 902 1586 deserendum
924 1533 977 1597 s'it3

125 1611 257 1677 vetatque
269 1608 439 1677 Pythagoras
449 1608 554 1677 injussu
566 1608 745 1676 imperatoris,
758 1607 787 1660 id
804 1613 854 1674 est,
871 1607 925 1675 dei,
941 1607 978 1662 de

125 1684 261 1754 praesidio
273 1688 302 1739 et
315 1685 432 1739 statione
440 1685 514 1739 vitae
521 1684 662 1739 decedere
689 1688 729 1744 73.
748 1683 855 1747 Solonis
864 1683 977 1753 quidem

125 1761 258 1829 sapientis
275 1760 392 1829 elogium
410 1764 460 1827 est,
479 1778 534 1831 quo
546 1777 576 1815 se
588 1764 671 1829 negat
682 1761 753 1815 velle
764 1777 841 1814 suam
858 1763 976 1814 mortem

125 1842 219 1899 dolore
237 1845 383 1911 amicorum
404 1848 433 1898 et
454 1844 582 1898 lamentis
601 1860 705 1898 vacare.
741 1843 818 1911 Vult,
836 1842 927 1911 credo,
946 1859 977 1896 se

124 1936 186 1974 esse
197 1936 290 1974 carum
303 1921 357 1974 suis
368 1942 375 1986 ;
392 1919 442 1973 sed
453 1920 528 1974 haud
540 1920 595 1973 scio
606 1937 642 1973 an
653 1920 750 1973 molius
763 1920 884 1975 Ennius:

221 1996 304 2046 Nemo
314 2013 353 2046 me
365 1998 481 2045 lacrumis
492 1996 591 2045 decoret
602 2013 683 2061 neque
694 1998 783 2044 funera
793 1997 853 2045 fletu

223 2069 306 2119 Faxit.

125 2150 167 2205 74.
185 2148 248 2201 Non
260 2151 354 2202 censet
364 2148 514 2215 lugendam
532 2164 593 2201 osse
610 2152 727 2203 mortem
740 2165 822 2217 quam
834 2148 975 2201 immorta-

124 2218 188 2277 litas
207 2226 398 2293 consequatur.
434 2224 499 2278 Jam
520 2240 618 2277 sensus
634 2224 769 2277 moriendi
794 2223 891 2293 aliquis
914 2238 975 2275 esse

123 2303 223 2370 potest,
239 2301 318 2370 isque
334 2300 371 2354 ad
383 2301 512 2369 exiguum
524 2304 633 2369 tempus
645 2300 806 2369 praesertim
822 2300 894 2354 seni:
910 2303 975 2368 post

124 2381 241 2431 mortem
261 2376 373 2446 quidem
392 2394 487 2431 sensus
511 2380 559 2431 aut
580 2377 716 2445 optandus
741 2380 791 2430 aut
810 2375 902 2429 nullus
922 2379 974 2430 eet

124 2453 180 2507 Sed
191 2454 242 2508 hoc
253 2453 417 2509 meditatum
430 2455 466 2507 ab
478 2452 661 2507 adolescentia
677 2452 761 2506 debet
778 2469 839 2506 esse
856 2457 973 2506 mortem

123 2533 155 2584 ut
177 2530 353 2599 negligamus,
373 2531 432 2584 sine
454 2547 510 2599 qua
532 2529 711 2584 meditatione
740 2528 888 2599 tranquillo
913 2544 975 2582 csso

123 2608 213 2661 animo
224 2624 305 2662 nemo
319 2610 419 2677 potest.
454 2607 628 2660 Moriendum
646 2607 719 2660 enim
737 2610 812 2661 certe
830 2608 880 2674 est,
898 2608 927 2659 et
944 2605 975 2658 id

123 2682 259 2737 incertum
269 2700 305 2737 an
316 2700 349 2737 eo
360 2684 420 2752 ipso
431 2682 485 2737 die.
522 2683 642 2737 Mortem
659 2682 745 2751 igitur
762 2681 889 2736 omnibus
899 2681 975 2735 horis

123 2758 328 2827 impendentem
339 2760 439 2812 timens
451 2760 498 2827 qui
510 2760 614 2827 poterit
625 2760 715 2812 animo
727 2759 876 2813 consistere
886 2759 896 2811 l
932 2761 947 2814 7
949 2763 974 2811 5.

124 2833 167 2887 De
187 2849 242 2903 qua
259 2849 313 2886 non
328 2834 368 2887 ita
383 2833 463 2902 longa
480 2834 666 2902 disputatione
687 2851 754 2902 opus
775 2850 836 2888 esse
856 2832 974 2899 ridetur,

124 2926 209 2979 quum
223 2909 352 2965 recorder
369 2925 423 2962 non
442 2910 472 2965 L.
488 2910 605 2963 Brutum
623 2911 670 2980 qui
688 2911 716 2963 in
732 2910 873 2964 liberanda
883 2910 977 2978 patria

124 2987 167 3039 est
178 2985 347 3051 interfectus,
358 3000 413 3038 non
425 2985 480 3039 duo
494 2986 592 3039 Decios
603 2987 651 3055 qui
662 2984 699 3039 ad
711 2986 892 3040 voluntariam
904 3001 975 3039 mor-

123 3063 181 3114 tem
193 3076 301 3113 cursum
317 3076 449 3127 equorum
464 3061 654 3128 incitaverunt,
672 3077 726 3114 non
744 3061 784 3114 Μ.
796 3061 912 3114 Atilium
926 3062 976 3129 qui

124 3136 161 3190 ad
173 3136 333 3204 supplicium
350 3139 393 3189 est
403 3137 543 3204 profectus
559 3140 592 3191 ut
609 3133 694 3191 fidem
711 3136 783 3190 hosti
798 3137 892 3190 datam
910 3154 975 3190 oon·

11 3270 14 3274 Δ
125 3215 256 3281 servaret,
268 3228 322 3265 non
335 3211 388 3265 duo
401 3212 538 3281 Scipiones
556 3213 603 3282 qui
617 3213 673 3267 iter
689 3212 787 3267 Poenis
799 3212 842 3266 vel
856 3212 976 3282 corpori-
