2250 3450
359 145 616 196 EPISTOLARUM
633 143 736 192 LIBRI
754 143 837 192 DUO.
995 145 1024 190 sl

172 247 256 300 quam
267 245 328 283 sum
340 231 471 296 expertus
482 225 511 278 in
522 224 681 279 valetudine
693 239 824 277 meorum.
848 220 882 276 ln
895 238 950 292 qua
961 223 1027 275 mihi

174 323 258 375 quum
267 305 327 372 ipsa
336 303 458 370 scientia,
469 307 528 356 tum
539 301 623 355 etiam
635 300 770 353 fidelitate
781 299 1028 367 benevolentiaque

172 382 313 437 satisfecit.
332 381 414 433 Hunc
423 379 509 447 igitur
518 377 570 431 tibi
579 377 747 444 commendo,
756 379 786 430 et
798 393 814 429 a
826 380 855 430 te
864 380 930 445 peto
939 377 1028 430 utdes

172 453 285 527 operam
303 461 336 512 ut
355 456 491 523 intelligat
513 454 662 524 diligepter
680 470 724 508 mc
744 453 886 523 scripsisse
907 453 942 506 de
958 469 1027 519 sese,

172 552 318 604 meamque
329 531 592 588 commendationem
601 531 663 584 usui
675 546 773 597 magno
786 529 838 583 sibi
848 529 939 583 fuisse.
965 529 1027 584 Erit
1084 585 1086 590 ,

173 611 205 664 id
217 611 283 664 mihi
296 611 474 665 vehementer
485 610 604 675 gratum.

396 707 450 752 ,20.
479 701 607 750 CICERO
624 699 754 750 SERVIO
772 701 797 748 S.

424 784 495 846 (x111.
514 786 553 832 25.
589 796 615 831 s.
628 795 653 831 u.
667 795 689 831 c.
709 782 776 840 tos.)

174 857 363 925 Hegesaratus
380 855 539 910 Larissaeus
555 853 662 922 magnis
678 853 747 908 meis
762 853 903 908 beneficiis
915 858 1027 910 omatus

172 933 202 986 in
220 933 362 987 consulatu
379 948 440 987 meo
459 948 564 986 memor
583 934 613 985 et
630 935 725 998 gratus
744 930 804 997 fruit,
817 946 916 998 meque
931 935 1027 999 postea

173 1009 383 1078 diligentissime
395 1008 486 1062 ooluit
512 1007 583 1061 Eum
596 1006 648 1060 tibi
660 1023 759 1075 magno
770 1023 854 1075 opere
866 1008 1028 1062 commendo

173 1089 206 1140 ut
217 1089 246 1139 et
257 1085 394 1155 hospitem
406 1100 496 1138 meum
510 1088 539 1137 et
550 1082 713 1137 familiarem
725 1087 755 1137 et
766 1087 876 1152 gratum
889 1083 1027 1138 hominem

173 1166 204 1217 et
215 1164 303 1216 virum
315 1162 417 1215 bonum
429 1165 458 1215 et
469 1159 621 1229 principem
633 1159 752 1213 ciuitatis
761 1175 827 1213 suae
839 1163 927 1214 ottus
935 1178 1029 1216 neces·

173 1239 295 1292 situdine
313 1237 510 1306 dignissimum.
547 1236 712 1302 Pergratum
730 1235 797 1288 mihi
815 1236 921 1303 feceris,
939 1238 962 1291 si
981 1238 1028 1292 de-

173 1314 249 1368 deris
264 1331 375 1384 operam
391 1318 424 1367 ut
440 1313 464 1365 is
482 1311 621 1377 intelligat
633 1311 702 1363 hanc
714 1326 803 1364 meam
815 1313 1028 1368 commendatio

173 1406 237 1444 nem
248 1407 378 1458 magnum
390 1388 465 1458 apud
477 1392 506 1441 te
518 1388 626 1456 pondus
637 1385 773 1441 habuisse.
1067 1403 1069 1406 ·

400 1501 440 1548 21.
470 1498 598 1546 CICERO
615 1495 770 1545 MEMMIO
789 1495 815 1545 S.

437 1581 544 1642 (urunt
582 1590 680 1628 suc.
700 1575 767 1640 704.)
820 1639 826 1646 Ι

175 1655 211 1708 A.
235 1652 344 1705 Fufium
366 1667 452 1704 unum
476 1668 511 1704 ex
534 1651 604 1704 mcis
627 1649 737 1716 intimis,
757 1647 1027 1704 observantissimum

173 1730 458 1797 studiosissimumque
469 1728 565 1795 nostri,
578 1727 719 1781 cruditum
731 1726 867 1780 hominem
880 1730 910 1781 et
921 1742 1027 1781 summa

173 1806 349 1873 humanitate,
362 1809 466 1874 tuaque
478 1804 600 1859 amicitia
611 1803 807 1871 dignissimum,
817 1802 899 1856 velim
909 1802 949 1859 ita
958 1806 1029 1857 trac-

172 1886 216 1936 tos
232 1886 265 1936 ut
280 1882 348 1935 mihi
363 1898 455 1936 coram
469 1882 607 1949 recepisti
645 1880 711 1933 Tem
726 1881 836 1947 gratum
852 1878 920 1931 mihi
931 1878 962 1933 id
972 1881 1027 1935 erit

172 1975 255 2025 quam
286 1958 360 2027 quod
389 1957 585 2026 gratissimum.
623 1956 718 2024 Ipsum
747 1958 892 2023 praeterea
921 1972 1027 2011 summo

171 2034 261 2089 officio
272 2039 303 2090 et
314 2050 421 2089 summa
431 2033 612 2087 observantia
621 2032 674 2086 tibi
691 2032 719 2086 in
734 2035 901 2101 perpetuum
915 2030 1028 2087 devinx-

172 2126 236 2165 cns.

387 2196 427 2243 aa
456 2178 585 2242 omnio
603 2191 818 2241 coammoro.

431 2273 764 2337 mmffl.auussm

173 2352 204 2405 Ο.
216 2348 338 2416 Anicius,
349 2346 491 2401 familiaris
506 2362 592 2413 meus,
604 2344 647 2398 vir
664 2344 790 2398 omnibus
807 2344 890 2401 rebus
906 2350 1027 2417 ornatus,

173 2426 344 2494 negotiorum
363 2439 474 2476 suorum
491 2438 573 2476 causa
591 2422 699 2489 legatus
717 2421 806 2475 estin
819 2422 1027 2491 Airieamlega-

173 2497 247 2555 tione
257 2498 352 2553 libera.
373 2498 443 2551 Ilum
453 2498 535 2551 velim
544 2497 628 2551 rebus
635 2497 761 2551 omnibus
770 2497 894 2566 adjuves,
903 2514 1026 2568 operem-

172 2593 227 2646 que
243 2576 294 2630 des
310 2579 342 2630 ut
358 2592 440 2645 quam
459 2574 676 2629 commodissime
693 2590 743 2628 sua
760 2574 870 2642 negotia
886 2576 1026 2644 conficiat;

71 2664 81 2683 ·
172 2654 201 2707 in
219 2653 377 2722 primisque,
391 2651 466 2721 quod
483 2650 510 2705 ei
527 2651 698 2706 carissimum
717 2655 767 2720 est,
783 2651 947 2719 dignitatem
965 2654 1026 2722 ejus

172 2729 226 2783 tibi
237 2728 410 2783 commendo:
429 2729 513 2800 idque
524 2746 541 2783 a
552 2733 582 2785 te
594 2734 659 2799 peto
676 2729 751 2799 quod
768 2729 827 2796 ipse
842 2728 871 2781 in
887 2730 1027 2797 provincia

172 2807 263 2860 iacere
275 2822 337 2860 sum
349 2805 446 2860 solitus
458 2824 512 2861 non
528 2809 651 2875 rogatus,
663 2810 698 2859 ut
709 2805 837 2859 omnibus
855 2806 1026 2861 senatoribus

171 2883 283 2937 lictores
295 2881 404 2948 darem;
417 2884 491 2951 quod
503 2883 577 2936 idem
590 2900 748 2952 acceperam
762 2886 791 2937 et
802 2882 832 2936 id
845 2899 1026 2951 cognoveram

172 2976 190 3012 a
208 2958 321 3012 summis
337 2958 403 3011 viris
422 2959 602 3027 factitatum„
627 2960 687 3013 Hoc
711 2959 803 3027 igitur,
827 2957 865 3010 mi
891 2959 1026 3026 Cornifici,

171 3034 269 3089 facies:
287 3035 442 3104 ceterisque
458 3035 541 3089 rebus
556 3036 683 3090 omnibus
703 3036 763 3103 ejus
780 3034 909 3102 dignitati
920 3034 1024 3102 reique,

89 3137 93 3144 ²
171 3112 196 3165 si
211 3128 255 3165 me
269 3127 351 3179 emtas,
367 3113 500 3167 consules.
535 3112 598 3166 Erit
617 3112 649 3165 id
667 3111 734 3164 mihi
752 3110 947 3178 gratissimum.
982 3108 1026 3161 Da

172 3203 282 3255 oporam
294 3190 327 3240 ut
337 3186 437 3242 valeas.
