2250 3450
133 217 180 263 102
320 244 322 247 v
340 205 342 209 ¹
361 211 400 262 M.
418 211 545 261 TULLII
561 209 752 260 CICERONIS

130 313 165 350 ea
176 295 253 364 copia
264 311 335 363 qnae
348 293 468 348 Athenis
479 296 540 348 erat
557 294 640 347 funus
655 293 680 348 ei
698 293 767 348 satis
783 293 903 362 amplum
920 294 988 348 iaci-

132 371 233 426 endum
258 371 356 424 curavi.
395 370 441 424 Ab
466 369 682 424 Atheniensibus
710 371 800 424 locum
829 371 987 439 sepulturae

130 449 205 502 intra
220 447 318 502 urbem
334 450 366 500 ut
381 446 482 500 darent
497 446 648 513 impetrare
659 463 714 499 non
730 446 816 515 potui,
830 447 904 515 quod
920 449 987 502 reli-

131 526 215 593 gione
235 540 266 578 se
288 522 416 591 impediri
444 521 584 588 dicerent3
613 539 704 591 neque
732 528 825 576 tamen
848 523 878 576 id
904 528 988 580 antea

131 601 259 669 cuiquam
270 602 469 654 concesserant.
505 598 586 663 Quod
597 599 751 668 proximum
763 599 824 666 fuit,
837 599 879 653 uti
891 600 918 652 in
931 615 987 669 quo

131 677 263 730 vellemus
274 675 414 744 gymnasio
427 691 491 730 eum
508 675 686 744 sepeliremus
702 674 781 729 nobis
792 675 985 744 permiserunt.

133 754 191 806 Nos
203 753 230 805 in
242 750 410 806 nobilissimo
423 751 497 805 orbis
513 754 650 805 terrarum
666 748 805 820 gymnasio
818 749 987 807 Academiae

132 829 221 882 locum
239 827 394 895 delegimus
410 827 505 895 ibique
523 845 586 881 eum
604 827 816 896 combussimns;
833 833 987 898 posteaque

132 904 287 958 curavimus
304 907 336 956 ut
353 903 438 956 iidem
454 904 638 959 Athenienses
656 906 683 959 in
701 907 799 960 codem
815 907 874 960 loco
891 923 987 960 monu-

133 983 255 1033 mentum
272 979 297 1033 ei
311 995 494 1032 marmoreum
511 979 666 1035 faciendum
683 982 811 1037 locarent.
849 983 895 1036 Ita
913 999 986 1052 quae

133 1059 227 1109 nostra
243 1054 456 1109 officiafuerunt
471 1071 522 1125 pro
539 1057 653 1124 collegio
665 1061 694 1112 et
711 1075 761 1126 pro
778 1059 986 1127 propinquitate

133 1135 163 1185 et
173 1132 235 1185 vivo
247 1135 277 1186 et
288 1135 396 1185 mortuo
408 1132 499 1184 omnia
511 1131 537 1185 ei
548 1132 743 1200 praestitimus.
780 1135 856 1189 Vale.
894 1134 926 1189 D.
941 1151 984 1204 pr.

134 1206 197 1262 Kal
210 1208 275 1262 Jnn
289 1207 414 1262 Athenis

321 1327 360 1374 12.
395 1311 549 1376 'sanvrns
567 1327 743 1390 orosaoru,
762 1330 788 1379 s,

411 1424 458 1488 (rr.
472 1427 494 1473 5.
529 1438 555 1473 s.
569 1439 593 1474 n.
607 1437 629 1475 o.
644 1425 711 1489 709.)

134 1508 318 1577 Posteaquam
340 1504 408 1560 mihi
431 1507 619 1560 renuntiatum
642 1510 686 1561 est
709 1507 744 1560 de
768 1506 847 1562 obitu
871 1506 984 1575 Tulliae,

133 1585 206 1639 filiae
227 1588 300 1650 tuae,
320 1599 386 1636 sano
405 1599 488 1650 quam
506 1599 556 1651 pro
578 1599 611 1636 eo
630 1599 661 1636 ac
682 1582 765 1636 debui
786 1585 908 1651 graviter
925 1599 984 1637 mo-

135 1660 259 1730 lesteque
283 1659 343 1727 tuli,
367 1674 594 1732 communemque
618 1675 678 1712 eam
702 1659 887 1713 calamitatem
910 1659 984 1712 exis-

133 1738 244 1802 timavi3
269 1737 317 1805 qui
341 1734 364 1788 si
383 1735 446 1787 istic
465 1734 621 1801 adfuissem,
645 1752 735 1804 neque
757 1736 809 1789 tibi
833 1736 984 1790 defuissem

130 1829 281 1881 coramque
293 1827 384 1864 meum
397 1810 519 1864 dolorem
534 1810 587 1865 tibi
600 1810 788 1865 declarassem.
824 1812 884 1865 Etsi
896 1828 984 1879 genus

135 1888 185 1943 hoc
201 1887 392 1942 consolationis
413 1886 546 1939 miserum
563 1890 649 1956 atque
669 1887 798 1941 acerbum
816 1890 874 1953 est;
899 1904 983 1957 prop-

133 1968 212 2019 terea
230 1963 295 2033 quia
315 1979 366 2031 per
382 1978 451 2030 quos
471 1978 504 2015 ea
519 1962 632 2017 confieri
651 1963 742 2032 debet,
763 1964 932 2034 propinquos
950 1981 984 2018 ac

133 2040 291 2107 familiares,
314 2038 367 2107 ipsi
394 2038 454 2105 pari
478 2038 605 2092 molestia
633 2039 787 2093 afficiuntur
809 2056 900 2108 neque
924 2040 984 2093 sine

134 2115 254 2170 lacrimis
269 2114 364 2168 multis
382 2113 413 2166 id
432 2114 524 2167 conari
540 2119 662 2182 possunt,
682 2116 723 2169 uti
738 2116 825 2185 magis
839 2115 891 2184 ipsi
907 2114 983 2169 vide·

134 2196 217 2248 antur
239 2191 354 2245 aliorum
372 2190 554 2244 consolatione
575 2190 700 2263 indigere
717 2208 800 2260 quam
817 2191 889 2245 aliis·
901 2208 983 2260 posse

71 2332 80 2339 ⁷
135 2287 214 2324 suum
232 2268 349 2323 officium
364 2269 520 2337 praestare3
543 2270 636 2320 tamen
654 2284 725 2335 quae
737 2268 766 2321 in
782 2268 938 2337 praesentia
953 2268 982 2321 in

134 2350 254 2401 mentem
265 2345 333 2398 mihi
341 2342 486 2411 venerunt,
497 2342 607 2397 decrevi
618 2342 696 2396 brevi
708 2343 744 2397 ad
756 2347 785 2397 te
797 2342 983 2413 perscribere3

134 2440 188 2477 non
195 2439 251 2492 quo
262 2438 296 2476 ea
306 2424 336 2476 te
344 2421 440 2489 fugere
449 2418 612 2485 existimem,
622 2418 672 2472 sed
681 2419 755 2487 quod
764 2418 878 2473 forsitan
887 2418 982 2472 dolore

134 2499 284 2569 impeditus
304 2498 396 2551 minus
414 2512 448 2549 ea
465 2494 622 2564 perspicias.
659 2495 731 2558 Quid
750 2499 793 2549 est
811 2493 886 2562 quod
904 2497 983 2549 tanto

73 2628 77 2635 ,
134 2592 218 2645 opere
241 2579 272 2629 te
294 2574 463 2628 commoveat
486 2575 551 2624 tuus
576 2570 653 2623 dolor
679 2571 849 2626 intestinusl
886 2571 984 2637 Cogita

134 2650 365 2721 quemadmodum
377 2648 467 2702 adhuc
478 2647 589 2701 fortuna
600 2646 740 2702 nobiscum
752 2648 848 2715 egerit,
860 2664 893 2701 ea
905 2647 984 2701 nobis

134 2730 231 2797 crepta
243 2742 303 2781 esse
314 2741 386 2794 quae
403 2723 557 2777 hominibus
569 2739 622 2777 non
634 2723 724 2777 minus
736 2740 819 2792 quam
828 2723 908 2777 liberi
920 2739 984 2777 cara

135 2819 196 2856 esse
212 2801 322 2867 debent,
338 2800 464 2868 patriam,
479 2799 658 2867 honestatem,
677 2799 849 2867 dignitatem,
867 2799 984 2853 honores

135 2893 236 2932 omnes.
266 2876 328 2930 Hoc
345 2891 401 2928 uno
420 2875 592 2929 incommodo
609 2876 705 2929 addito
724 2876 791 2943 quid
807 2875 843 2929 ad
861 2875 984 2930 dolorem

134 2952 250 3021 adjungi
263 2950 371 3019 potuit?
396 2954 445 3003 aut
465 2951 513 3017 qui
529 2967 584 3004 non
598 2950 627 3003 in
643 2952 697 3004 illis
715 2953 800 3005 rebus
816 2952 985 3007 exercitatus

135 3029 241 3081 animus
258 3026 357 3080 callere
371 3023 432 3091 jam
451 3023 536 3079 debet
553 3029 639 3093 atquo
661 3027 750 3080 omnia
768 3027 881 3081 mineris
902 3027 986 3081 aesti-

136 3103 231 3155 maret
261 3101 307 3153 An
322 3099 396 3153 illius
407 3100 502 3168 vicem,
516 3100 607 3168 credo,
622 3101 718 3155 doles?
754 3102 867 3166 Quoties
879 3102 908 3156 in
922 3120 986 3159 eam

135 3175 328 3241 cogitationem
347 3190 459 3227 necesse
479 3178 523 3228 est
543 3177 572 3229 et
591 3178 624 3230 tu
643 3176 758 3244 veneris,
780 3181 809 3231 et
827 3194 877 3231 nos
901 3192 986 3246 saepe

135 3249 288 3316 incidimus,
304 3250 379 3303 hisce
397 3250 569 3317 temporibus
584 3266 639 3304 non
655 3251 773 3320 pessimo
789 3268 851 3307 cum
868 3252 904 3306 iis
922 3270 986 3309 esse
