2250 3450
105 137 136 183 86
282 168 285 173 >
333 133 372 184 M.
389 127 518 185 TULLII
540 136 730 188 OIOIlRONIS

201 261 241 312 33.
276 261 315 312 M.
333 261 460 312 CICERO
478 263 554 314 IMP.
574 257 599 314 S.
617 265 650 316 D.
669 265 708 316 M.
726 267 858 320 CAELIO

417 343 547 393 AEDILI
564 345 645 396 oUR.

375 440 467 504 (11..14
501 444 684 507 1....ιο704)

105 521 142 573 Μ
157 519 251 588 Fabio,
263 519 324 574 uiro
335 520 440 589 optimo
455 522 485 574 et
499 520 610 578 homine
623 523 696 578 doot'
676 525 789 594 tissime,
802 528 954 585 familiaris-

104 599 172 651 sime
188 600 253 651 utor
270 596 439 684 mirificeque
451 613 515 651 eum
533 598 626 668 diligo,
645 617 729 668 quum
745 608 861 673 propter
880 622 953 660 snm·
979 601 984 612 '

104 689 179 725 mum
190 671 329 741 ingenium
337 671 398 740 ejus
410 690 599 743 summamque
608 675 759 731 doctrinam
768 681 828 732 tum
839 685 954 750 propter
1013 691 1017 702 ·

103 747 270 836 singirlnrem
284 749 456 804 modestiam
492 750 561 820 Ejus
575 752 715 820 negotium
727 752 766 807 sio
777 755 859 809 velim
871 757 954 811 simoi·

103 824 163 892 pias
172 824 238 879 ut
216 840 239 877 si
251 828 324 879 esset
336 842 381 880 res
390 843 458 880 mea
482 826 509 880 N
511 843 554 880 οιι
567 843 618 896 ego
627 844 674 882 vos
683 845 796 897 magnos
807 834 952 899 patronos:

103 900 240 955 hominem
252 901 358 956 ooeidnt
369 905 478 972 oportet
490 903 537 972 qui
549 907 643 958 vestra
654 920 736 973 opera
747 906 790 960 uti
801 907 884 961 velit·
878 949 884 972 ,
902 907 954 962 sed

104 976 134 1030 in
156 977 209 1032 hoo
232 977 341 1032 homine
360 979 462 1033 nullam
480 979 584 1048 aooipio
608 980 817 1036 exeusationem.
854 983 954 1037 Omnia

103 1052 243 1123 relinques
262 1054 286 1107 si
304 1071 349 1108 me
369 1055 482 1120 amabis,
501 1071 587 1124 quum
610 1058 659 1109 tua
682 1073 766 1125 opera
789 1057 892 1112 Fabius
911 1059 954 1112 nti
1011 1091 1016 1099 ·

103 1129 184 1184 volet
221 1130 280 1198 Ego
292 1146 337 1184 res
354 1130 491 1185 Romanae
502 1130 682 1186 vehementer
695 1138 825 1203 exspecto
839 1137 869 1188 et
882 1134 954 1188 desi-

104 1204 212 1271 dero;
203 1223 233 1259 m
244 1206 393 1277 primisque
405 1207 473 1276 quid
485 1223 550 1276 agas
562 1207 633 1262 seire
644 1207 731 1277 cupio
763 1209 835 1264 Nam
843 1209 954 1279 Jamdiu

102 1247 218 1350 propior
235 1282 333 1338 hiemis
352 1283 571 1353 magnitudinem
589 1283 657 1338 nihil
675 1285 740 1338 ιιοιι
759 1284 797 1340 ad
817 1301 869 1342 nos
889 1285 954 1341 affe-

103 1358 225 1414 rebatur.

336 1477 376 1527 el.
412 1477 539 1540 CICERO
557 1477 676 1527 CASSIO
693 1477 718 1526 S.

103 1639 106 1645 1
381 1555 477 1638 (xmo.
511 1589 538 1625 ι.
551 1589 577 1625 u.
590 1588 611 1625 o.
625 1573 693 1639 711.)
986 1621 988 1628 .

104 1656 157 1745 Qui
177 1656 268 1711 status
287 1671 380 1711 rernm
398 1655 484 1710 fuerit
502 1658 562 1710 tum
581 1672 666 1725 quum
684 1654 735 1708 has
758 1653 855 1711 literas
878 1655 953 1726 dedi,

103 1733 173 1787 scire
188 1733 293 1803 poteris
304 1750 339 1788 ex
351 1733 381 1787 O
394 1732 474 1787 'lidio
484 1732 629 1797 Strabone,
642 1732 702 1785 viro
716 1731 788 1785 bono
804 1736 835 1786 et
848 1733 954 1801 optime

103 1809 139 1862 de
153 1826 184 1863 re
200 1808 310 1897 publiea
326 1808 481 1872 sentiente,
504 1822 568 1859 nam
584 1805 651 1874 quid
669 1804 758 1858 dicam
775 1806 953 1874 cupidissimo

102 1884 152 1951 tui,
165 1885 212 1953 qui
224 1883 306 1937 domo
317 1886 347 1936 et
357 1877 472 1935 fortunis
486 1880 588 1935 relictis
602 1880 639 1933 ad
653 1881 682 1933 te
697 1878 873 1947 potissimum
889 1898 952 1950 pro-

102 1960 191 2014 iectus
207 1959 263 2013 siti
300 1958 400 2025 Itaque
422 1972 485 2010 eum
509 1953 561 2008 tibi
585 1972 620 2009 ne
642 1954 804 2009 eommendo
823 1956 950 2026 quidem:

102 2034 255 2089 adventus
247 2034 333 2102 ipsius
344 2031 381 2090 ad
391 2033 421 2084 te
434 2030 501 2085 satis
512 2046 574 2084 amn
584 2030 792 2085 commendabit
818 2032 859 2086 Τιι
870 2031 952 2087 velim

102 2112 142 2166 sio
154 2110 293 2165 existimes
305 2109 411 2176 ntique
421 2106 590 2176 persuadeas
602 2123 682 2161 omne
694 2107 868 2175 perfugium
869 2108 953 2163 bono-

101 2204 164 2242 rum
176 2187 206 2241 in
218 2189 247 2241 te
258 2189 288 2240 et
299 2185 388 2239 Bruto
403 2197 465 2238 esse
478 2182 609 2255 positum,
621 2183 731 2251 siquod
742 2184 828 2238 nolim
843 2184 954 2240 advorsi

102 2263 170 2334 quid
188 2263 317 2319 evenerit
350 2261 408 2316 Res
427 2278 513 2332 quum
529 2260 599 2315 haee
617 2258 769 2313 scribebam
785 2260 869 2315 erat
861 2277 889 2314 ιιι
906 2277 952 2315 ex-

102 2345 221 2397 tremum
236 2340 358 2395 adducta
373 2339 527 2393 discrimen
564 2337 670 2391 Brutus
684 2335 755 2389 enim
770 2334 932 2391 Mutinae
906 2353 952 2391 ux

97 2418 158 2488 jam
170 2417 331 2485 sustinebat
366 2416 454 2481 Qui
432 2432 456 2470 si
467 2417 643 2470 oonservatus
655 2411 717 2479 erit,
729 2411 857 2469 vicimus:
875 2413 953 2467 sin—

27 2497 30 2503 '
103 2495 178 2564 quod
196 2494 235 2548 dii
251 2510 332 2548 omen
347 2496 481 2559 avertant,
496 2492 585 2546 omnis
604 2488 724 2543 omnium
742 2504 839 2543 cursus
856 2489 953 2543 estad

101 2587 157 2625 vos
193 2571 313 2625 Proinde
330 2569 373 2624 fao
390 2570 511 2623 animum
534 2570 644 2623 tantum
664 2562 768 2617 habeas
788 2567 953 2633 tantumque

102 2650 263 2716 apparatum
276 2649 380 2715 quanto
392 2662 460 2715 opus
476 2648 519 2699 est
530 2644 568 2698 ad
578 2641 733 2696 universam
745 2641 953 2712 rempublicam

103 2721 315 2793 reciperandam
351 2720 430 2775 Vale.

338 2851 379 2899 35.
408 2849 536 2898 CICERO
552 2848 672 2898 CASSIO
688 2849 714 2898 S.

371 2946 429 3009 (ιιι.
448 2949 471 2995 9.
505 2958 532 2995 ι.
545 2958 572 2995 u.
586 2957 608 2994 e.
622 2943 689 3007 711.)

103 3026 230 3082 Brevitas
239 3031 349 3081 tuarum
355 3026 499 3081 literarum
510 3042 555 3081 me
567 3042 677 3095 quoque
686 3024 839 3079 breviorem
850 3022 880 3077 in
889 3020 954 3077 sori·

103 3102 194 3156 bondo
210 3104 292 3169 faoit3
316 3107 424 3157 otnero
438 3107 471 3158 ut
485 3103 582 3168 dioam,
598 3119 653 3156 non
667 3102 734 3156 satis
750 3100 868 3155 occurrit
886 3096 954 3167 quid

103 3178 228 3233 scribam
263 3180 381 3234 Nostrae
395 3179 467 3233 euim
479 3194 526 3233 res
537 3179 566 3232 in
578 3178 647 3233 aetia
658 3177 776 3247 perferri
787 3176 825 3230 ad
835 3178 865 3230 te
877 3175 954 3229 certo
