2250 3450
138 151 169 206 70
479 151 655 200 EPISTOLA

137 236 327 291 difficultatem
344 252 472 304 magnam
491 235 609 292 afferunt
626 237 774 308 publicani,
792 239 892 308 quibus
909 241 933 296 si
949 242 998 298 ad-

136 328 284 380 versamur,
296 312 419 365 ordinem
433 312 469 365 de
485 312 564 366 nobis
578 315 681 383 optime
692 315 822 370 meritum
839 320 869 371 et
882 334 933 386 per
947 337 996 376 nos

136 404 198 440 eum
210 387 361 456 republica
376 387 594 462 conjunctumet
604 406 620 442 a
632 389 710 443 nobis
723 393 752 444 et
764 392 944 462 erepublica
956 397 996 449 di-

130 463 286 532 jrmgemus.
322 463 370 516 Sin
394 467 485 517 autem
507 464 632 518 omnibus
650 466 678 519 in
699 466 781 520 rebus
805 467 994 540 obsequemur,

135 540 259 593 funditus
275 557 321 603 eos
334 540 425 608 perire
443 540 581 607 patiemur
598 557 713 608 quorum
731 559 785 595 non
807 544 888 598 modo
914 548 995 601 saluti

136 616 279 670 sedetiam
292 617 440 670 commodis
452 618 592 671 consulere
605 618 742 673 debemus.
778 621 856 674 Haec
874 625 916 675 est
933 640 994 692 una,

135 693 234 747 sivero
249 693 370 760 cogitare
383 692 514 761 volumus,
525 692 554 744 in
570 696 630 746 toto
646 695 760 763 imperio
774 699 822 750 tuo
842 696 993 754 difficultas

135 769 207 823 Nam
231 786 291 823 esse
312 769 502 838 abstinentem,
529 771 670 825 continere
694 788 787 825 omnes
821 773 992 842 cupiditates,

134 861 197 900 suos
221 862 354 913 coercere,
369 845 442 914 juris
458 846 632 916 aequabilem
651 850 746 901 tenere
766 849 909 916 rationem,
929 851 994 904 faei-

135 921 189 975 lem
212 939 242 976 se
257 923 286 976 in
302 922 384 976 rebus
409 923 610 991 cognoscendis,
628 924 656 976 in
675 923 829 977 hominibus
849 924 993 980 audiendis

134 997 368 1068 admittendisque
387 999 526 1067 praebere,
548 999 718 1067 praeclarum
738 1000 825 1068 magis
847 1003 890 1054 est
909 1018 993 1070 quam

135 1073 250 1129 difficile.
287 1075 350 1128 Non
359 1083 402 1130 est
414 1075 486 1128 enim
497 1076 617 1144 positum
634 1075 772 1130 inlabere
789 1076 881 1145 aliquo
895 1077 945 1130 sed
962 1078 991 1130 in

134 1150 252 1219 quadam
276 1151 433 1206 inductione
457 1153 541 1206 animi
564 1155 649 1222 atque
678 1151 825 1206 voluntate.
872 1158 913 1207 33.
939 1153 992 1208 Illa

133 1242 215 1279 causa
232 1226 438 1294 publicanorum
455 1231 586 1296 quantam
604 1227 782 1281 acerbitatem
798 1227 894 1282 afferat
911 1228 991 1282 sociis

132 1302 317 1358 intelleximus
336 1321 371 1358 ex
390 1303 500 1371 civibus,
520 1305 568 1373 qui
586 1320 674 1372 nuper
692 1303 720 1355 in
744 1303 872 1371 portoriis
892 1302 990 1357 Italiae

133 1379 260 1433 tollendis
269 1397 323 1433 non
335 1383 393 1433 tam
407 1379 442 1432 de
453 1379 575 1449 portorio
588 1396 671 1448 quam
683 1379 718 1432 de
730 1379 866 1432 nonnullis
883 1378 991 1446 injuriis

132 1456 297 1524 portitorum
309 1455 504 1525 querebantur.
540 1456 631 1520 Quare
643 1472 697 1509 non
712 1455 808 1522 ignoro
826 1454 894 1523 quid
911 1455 990 1509 sociis

132 1531 239 1585 accidat
250 1531 278 1585 in
290 1532 394 1586 ultimis
405 1531 496 1599 terris,
508 1547 593 1599 quum
605 1530 739 1584 audierim
752 1530 781 1583 in
795 1530 877 1584 Italia
893 1547 990 1600 quere

131 1607 297 1662 lascivium
334 1607 388 1661 Hic
403 1611 433 1661 te
449 1607 489 1660 ita
509 1607 612 1660 versari
632 1609 665 1660 ut
689 1608 718 1660 et
736 1605 887 1674 publicanis
912 1607 990 1660 satis

131 1685 221 1753 facias,
245 1685 408 1753 praesertim
433 1683 549 1754 publicis
574 1684 645 1738 male
668 1682 826 1753 redemptis,
851 1685 880 1738 et
904 1684 990 1739 socios

131 1760 222 1829 perire
233 1777 287 1814 non
296 1761 375 1827 sinas,
389 1761 496 1814 divinae
508 1760 651 1828 cujusdam
667 1760 778 1815 virtutis
793 1776 854 1814 esse
872 1759 989 1829 videtur,

132 1834 161 1889 id
173 1839 224 1905 est,
236 1840 309 1891 tuae.
346 1838 389 1891 Ac
400 1836 519 1906 primum
531 1836 643 1891 Graecis
652 1836 682 1889 id
694 1836 768 1905 quod
780 1836 989 1890 acerbissimum

131 1913 262 1981 estquod
274 1915 338 1967 sunt
352 1913 500 1981 vectigales
516 1929 570 1966 non
587 1913 627 1966 ita
643 1912 771 1967 acerbum
783 1912 876 1973 ,videri
897 1912 989 1979 debet,

129 1993 280 2059 propterea
297 1989 371 2058 quod
384 1989 443 2043 sine
455 1989 569 2059 imperio
590 1989 683 2058 populi
706 1989 823 2043 Romani
835 1988 891 2041 suis
911 1988 990 2042 insti-

133 2066 200 2118 tutis
215 2082 266 2134 per
282 2082 313 2120 se
324 2066 377 2134 ipsi
398 2065 438 2120 ita
457 2066 575 2120 fuerrmt.
611 2064 718 2119 Nomen
739 2068 832 2118 autem
850 2062 989 2133 publicani

130 2143 271 2209 aspernari
294 2159 347 2195 non
365 2145 486 2211 possunt,
508 2142 555 2211 qui
574 2141 695 2210 pendere
715 2140 767 2209 ipsi
791 2140 909 2227 vectigal
929 2140 988 2194 sinc

130 2213 274 2286 publicano
301 2235 355 2273 non
383 2221 539 2287 potuerunt,
568 2217 643 2287 quod
670 2217 704 2271 iis
732 2217 885 2287 aequaliter
914 2216 989 2269 Sulla

130 2293 313 2364 discripserat.
355 2295 418 2349 Non
442 2311 503 2349 esse
527 2298 619 2348 autem
643 2293 760 2347 leniores
789 2292 817 2345 in
846 2291 989 2360 exigendis

130 2371 308 2439 vectigalibus
322 2372 442 2427 Graecos
454 2387 537 2440 quam
555 2373 664 2424 nostros
683 2368 841 2438 publicanos
863 2368 926 2421 hinc
947 2368 988 2421 in-

130 2448 218 2515 telligi
230 2452 331 2517 potest,
345 2448 420 2518 quod
439 2446 537 2502 Caunii
557 2462 652 2514 nuper,
672 2461 820 2513 omnesque
840 2461 874 2513 ex
893 2443 988 2497 insulis

130 2541 202 2593 quae
213 2528 293 2578 erant
311 2525 346 2578 ab
363 2524 438 2577 Sulla
454 2518 571 2576 Rhodiis
590 2521 748 2587 attributae,
758 2520 938 2587 confi1gerunt
952 2520 987 2573 ad

131 2600 269 2667 Senatum,
285 2599 363 2653 nobis
383 2603 416 2653 ut
437 2599 529 2667 potius
548 2597 664 2666 vectigal
683 2613 765 2665 quam
786 2595 901 2649 Rhodiis
922 2611 988 2662 pcn-

130 2676 236 2731 derent.
272 2677 363 2741 Quare
381 2692 479 2728 nomen
498 2674 636 2743 publicani
655 2689 745 2741 neque
766 2672 786 2725 ii
803 2671 908 2725 debent
926 2671 988 2724 hor-

130 2769 192 2806 rere
208 2752 255 2822 qui
274 2768 381 2820 semper
401 2751 550 2818 uectigales
563 2750 692 2814 fuerimt3
710 2765 801 2817 neque
812 2747 832 2800 ii
849 2747 988 2815 aspernari

131 2828 178 2895 qui
197 2844 250 2896 per
265 2843 295 2881 sc
313 2827 434 2896 pendere
453 2824 571 2893 vectigal
594 2842 647 2878 non
666 2826 834 2893 potuerunt;
862 2839 953 2891 neque
968 2822 988 2875 ii

131 2920 256 2958 recusare
275 2903 322 2971 qui
349 2895 562 2970 postulaverunt.
606 2906 647 2955 34.
672 2900 759 2954 Simul
779 2902 808 2954 et
831 2899 899 2953 illud
920 2899 988 2953 Asia

131 2980 234 3047 cogitet
246 2979 348 3031 nullam
365 2995 382 3031 a
399 2995 429 3031 se
448 2995 538 3046 neque
557 2977 624 3031 belli
643 2976 751 3031 externi
771 2992 861 3044 neque
881 2975 988 3029 domes-

130 3055 246 3108 ticarum
264 3052 461 3107 discordiarum
477 3053 660 3107 calamitatem
677 3052 833 3105 abfuturam
852 3052 944 3118 fuisse,
964 3051 988 3104 si

132 3130 182 3182 lroc
193 3128 308 3196 imperio
320 3145 374 3181 non
391 3131 539 3182 teneretur.
576 3129 612 3182 Id
628 3131 721 3181 autem
737 3127 882 3195 imperium
902 3144 988 3196 quum

132 3203 245 3257 retineri
269 3203 328 3257 sine
354 3202 533 3271 vectigalibus
560 3204 635 3257 nullo
664 3202 747 3256 modo
776 3202 871 3273 possit,
899 3218 988 3273 aequo

1108 249 1119 282 1
