2250 3450
345 177 396 224 AD
414 176 590 234 QUINTUM
609 175 792 225 FRATREM.
965 180 995 232 71

138 261 228 316 animo
239 264 321 331 parte
333 258 424 327 aliqua
437 273 548 310 sucrum
566 255 703 310 fructuum
715 272 811 324 pacem
827 256 880 311 sibi
898 259 998 328 sempi-

139 341 247 390 ternam
258 334 378 387 redimat
390 338 474 401 atque
487 332 581 385 otium.

174 412 243 466 XII.
261 416 301 464 35,
328 409 408 474 Quod
429 409 452 461 si
475 425 561 476 genus
581 408 670 476 ipsum
690 411 719 461 et
740 425 838 462 nomen
859 410 997 478 publicani

138 505 193 542 non
211 487 305 555 iniquo
325 485 414 538 animo
434 483 616 550 sustinebunt,
637 486 769 552 potenmt
787 484 821 537 iis
838 485 948 538 consilio
970 488 1000 540 et

138 563 287 632 prudentia
318 565 367 614 tua
397 560 503 627 reliqua
533 559 622 613 videri
653 561 771 614 mitiora.
820 560 940 614 Possunt
972 562 1001 616 in

138 630 452 708 pactionibus'faciendis
463 652 517 688 non
533 636 623 703 legem
642 639 766 704 spectare
784 636 935 690 censoriam
951 638 1001 691 sed

138 716 231 782 potius
243 711 464 767 commoditatem
477 711 638 765 conficiendi
648 711 752 780 negotii
765 717 795 765 et
807 711 1001 767 liberationem
1052 775 1059 787 ἱ

139 790 287 844 molestiae.
324 787 407 841 Potes
428 787 511 840 etiam
533 791 565 841 tu
586 787 616 840 id
642 788 733 842 facere
756 788 831 857 quod
857 791 886 842 et
910 790 1001 843 fecisti

139 866 250 934 egregie
261 868 290 918 et
302 863 376 930 iacis,
388 866 420 917 ut
433 879 627 916 commemores
638 867 743 933 quanta
756 863 792 916 sit
805 864 833 916 in
847 865 1001 932 publicanis

140 942 269 1009 dignitas,
283 942 415 1008 quantum
427 934 534 992 nos'illi
555 939 645 993 ordini
666 939 821 1007 debeamus,
842 943 875 995 ut
894 945 1000 995 remoto

140 1018 254 1085 imperio
278 1033 310 1069 ac
333 1014 361 1068 vi
385 1015 534 1083 potestatis
559 1019 588 1069 et
612 1015 725 1069 fascium
754 1015 912 1084 publicanos
939 1033 1000 1072 cum

141 1091 252 1146 Graecis
263 1092 353 1160 gratia
365 1095 449 1160 atque
466 1091 631 1145 auctoritato
651 1091 807 1159 conjungas.
845 1092 901 1146 Sed
920 1095 949 1146 et
965 1093 999 1146 ab

141 1168 173 1222 iis
184 1168 219 1221 de
231 1167 330 1236 quibus
343 1168 446 1236 optime
459 1171 490 1221 tu
503 1168 618 1221 meritus
631 1185 660 1221 es
674 1171 703 1222 et
715 1168 763 1236 qui
775 1167 827 1221 tibi
844 1168 934 1221 omnia
953 1169 1000 1222 de-

142 1243 209 1298 bent
219 1244 270 1297 hoc
281 1247 368 1312 petas,
381 1246 413 1296 ut
425 1243 557 1296 facilitate
571 1260 620 1296 sua
632 1260 681 1296 nos
695 1259 755 1296 eam
768 1243 999 1297 necessitudinem

140 1323 270 1387 quaeest
291 1319 369 1372 nobis
390 1335 451 1372 eum
472 1318 624 1387 publicanis
644 1319 769 1372 obtinere
790 1323 818 1372 et
841 1335 1000 1374 conservare

141 1395 289 1463 patiantur.
324 1401 364 1448 36.
384 1395 440 1447 Sed
458 1393 527 1463 quid
543 1411 595 1462 ego
611 1397 641 1447 te
661 1394 727 1447 haec
749 1394 851 1463 hortor,
875 1411 946 1464 quae
969 1399 999 1450 tu

141 1487 196 1523 non
208 1470 534 1536 modoiacerepotestua
553 1473 649 1537 sponte
670 1471 728 1523 sins
745 1469 905 1539 cujusquam
922 1488 998 1540 prae-

141 1547 236 1614 ceptis,
249 1544 299 1598 sed
312 1545 394 1598 etiam
411 1561 510 1612 magna
522 1544 582 1612 jam
596 1562 630 1598 ex
647 1549 726 1614 parte
744 1545 902 1615 perfecisti?
938 1545 1001 1600 Non

141 1622 214 1674 enim
234 1621 371 1674 desistunt
393 1620 470 1674 nobis
490 1637 572 1688 agere
594 1621 717 1690 quotidie
738 1621 843 1690 gratias
866 1622 1001 1676 honestis-

141 1698 225 1752 simae
237 1700 265 1751 et
277 1698 413 1751 maximae
423 1697 577 1766 societates,
590 1697 666 1767 quod
686 1697 799 1768 quidem
813 1698 880 1752 mihi
899 1699 1000 1754 idcireo

135 1774 285 1841 jucundius
305 1777 356 1843 est,
372 1774 448 1843 quod
461 1774 535 1828 idem
551 1774 654 1830 iaciunt
672 1776 776 1831 Graeci.
823 1773 939 1829 Difficile
957 1781 1001 1831 est
1079 1783 1083 1791 '

140 1854 232 1904 autem
241 1868 274 1905 ea
286 1867 357 1920 quae
369 1850 526 1918 commodis,
543 1851 666 1907 utilitate
682 1855 712 1906 et
734 1868 820 1921 prope
842 1855 940 1905 natura
960 1852 1000 1904 di-

140 1944 219 1982 versa
230 1930 301 1996 sunt,
313 1928 456 1981 voluntate
472 1926 643 1995 conjungere.
680 1932 721 1983 At
742 1944 775 1983 ea
791 1928 912 1998 quidem,
929 1944 1000 1997 quae

140 2022 222 2073 supra
234 2004 335 2072 scripta
344 2007 415 2070 sunt,
428 2022 481 2057 non
493 2008 526 2057 ut
543 2008 572 2057 te
588 2005 765 2059 instituerem
787 2004 889 2073 scripsi,
911 2020 1001 2072 neque

140 2081 212 2133 enim
224 2079 372 2148 prudentia
380 2082 429 2141 tua
440 2080 603 2147 cujusquam
622 2083 769 2149 praecepta
786 2079 933 2147 desiderat,
951 2079 1001 2133 sed

77 2196 90 2204 ,
140 2172 184 2208 me
196 2156 224 2208 in
236 2155 379 2209 scribendo
391 2156 611 2208 commemoratio
631 2160 695 2209 tuae
712 2155 824 2209 virtutis
836 2154 1000 2209 delectavit:

140 2248 306 2299 quamquam
314 2231 343 2283 in
354 2230 397 2282 his
408 2229 509 2283 litteris
520 2230 626 2297 longior
636 2232 676 2284 fui
688 2248 771 2300 quam
783 2234 831 2285 aut
843 2231 940 2285 uellem
953 2232 1001 2284 aut

140 2324 223 2375 quam
235 2323 280 2359 me
291 2306 386 2375 putavi
397 2305 464 2358 fore.
890 2368 893 2373 Ι

177 2382 262 2434 ΧΙΙΙ.
288 2385 330 2437 37.
352 2380 445 2433 Unum
465 2378 602 2445 estquod
624 2379 676 2431 tibi
695 2396 746 2445 ego
770 2379 927 2447 praecipere
946 2396 1000 2433 non

142 2457 271 2524 desinam,
283 2472 372 2523 neque
383 2458 413 2508 te
425 2454 520 2522 patiar,
533 2458 666 2523 quantum
684 2456 737 2508 erit
756 2455 785 2507 in
801 2471 852 2521 me,
874 2471 935 2508 cum
954 2473 1001 2508 ex-

142 2534 266 2600 ceptione
277 2531 390 2584 laudari.
429 2530 530 2584 Omnes
542 2530 615 2583 enim
627 2531 674 2599 qui
686 2531 767 2584 istinc
780 2530 901 2599 veniunt,
914 2531 954 2584 ita
967 2532 1002 2585 do

144 2612 193 2662 tua
203 2609 313 2675 virtute,
324 2607 490 2675 integritate,
503 2607 674 2661 humanitate
687 2611 907 2676 commemorant,
926 2612 957 2661 ut
974 2608 1002 2661 in

144 2684 199 2737 tuis
211 2685 322 2737 summis
333 2683 460 2737 laudibus
469 2684 606 2751 excipiant
616 2699 697 2737 unam
709 2683 886 2737 iracundiam.
924 2686 1003 2749 Quod

144 2760 241 2813 vitium
265 2777 349 2829 quum
372 2761 400 2813 in
423 2761 474 2814 hac
497 2760 605 2829 privata
625 2760 841 2830 quotidianaque
861 2761 917 2815 vita
936 2760 1002 2813 levis
1063 2804 1065 2809 ,

145 2852 203 2888 esse
215 2835 297 2889 animi
310 2840 393 2905 atque
405 2837 505 2890 infirmi
515 2836 632 2906 videtur,
646 2840 705 2891 tum
719 2854 783 2891 vero
800 2837 868 2891 nihil
885 2840 927 2891 est
945 2840 1002 2889 tam

144 2911 266 2965 deforme
285 2930 367 2981 quam
380 2915 416 2966 ad
432 2930 567 2967 summum
588 2914 734 2984 imperium
760 2914 842 2969 etiam
871 2912 1002 2968 acerbita-

145 2992 202 3041 tem
214 2992 327 3043 naturae
339 2989 497 3058 adjungere.
533 2991 623 3055 Quare
641 2991 709 3044 illud
725 3009 779 3045 non
802 2990 946 3060 suscipiam
962 2991 1003 3058 ut,

129 3081 216 3132 ,quae
232 3065 267 3119 de
285 3066 426 3120 iracundia
444 3066 498 3119 dici
518 3067 605 3121 solent
621 3084 638 3121 a
659 3068 822 3121 doctissimis
839 3065 1002 3125 hominibus,

146 3156 179 3192 ea
189 3158 259 3195 nunc
272 3142 323 3196 tibi
335 3159 476 3212 exponam,
489 3160 574 3212 quum
584 3146 614 3197 et
630 3144 710 3196 nimis
727 3144 825 3211 longus
840 3158 900 3195 esse
919 3139 1003 3193 nolim

146 3220 176 3270 et
187 3233 221 3269 ex
232 3218 380 3273 multorum
392 3218 502 3287 scriptis
514 3235 546 3271 ea
554 3218 634 3271 facile
645 3218 732 3286 possis
744 3230 921 3283 cognoscere:
935 3212 1004 3265 illud
