<?xml version="1.0" encoding="UTF-8"?>
<!DOCTYPE html PUBLIC "-//W3C//DTD XHTML 1.0 Transitional//EN"
    "http://www.w3.org/TR/xhtml1/DTD/xhtml1-transitional.dtd">
<html xmlns="http://www.w3.org/1999/xhtml" xml:lang="en" lang="en">
 <head>
  <title>
</title>
<meta http-equiv="Content-Type" content="text/html;charset=utf-8" />
  <meta name='ocr-system' content='tesseract 3.04.00' />
  <meta name='ocr-capabilities' content='ocr_page ocr_carea ocr_par ocr_line ocrx_word'/>
</head>
<body>
  <div class='ocr_page' id='page_1' title='image "./catomajorsivede02cicegoog_0058.png"; bbox 0 0 2250 3450; ppageno 0'>
   <div class='ocr_carea' id='block_1_1' title="bbox 125 137 983 594">
    <p class='ocr_par' dir='ltr' id='par_1_1' title="bbox 126 137 755 195">
     <span class='ocr_line' id='line_1_1' title="bbox 126 137 755 195; baseline -0.014 -1"><span class='ocrx_word' id='word_1_1' title='bbox 126 147 160 195; x_wconf 75' lang='grc'><strong>52</strong></span> <span class='ocrx_word' id='word_1_2' title='bbox 356 141 395 190; x_wconf 87' lang='grc' dir='ltr'><strong>Μ.</strong></span> <span class='ocrx_word' id='word_1_3' title='bbox 414 137 540 188; x_wconf 73' lang='lat' dir='ltr'>TULLII</span> <span class='ocrx_word' id='word_1_4' title='bbox 562 137 755 186; x_wconf 70' lang='lat' dir='ltr'>CICERONIS</span> 
     </span>
    </p>

    <p class='ocr_par' dir='ltr' id='par_1_2' title="bbox 125 217 983 594">
     <span class='ocr_line' id='line_1_2' title="bbox 126 217 981 290; baseline -0.004 -11"><span class='ocrx_word' id='word_1_5' title='bbox 126 223 215 280; x_wconf 88' lang='lat' dir='ltr'><strong>veteri</strong></span> <span class='ocrx_word' id='word_1_6' title='bbox 227 221 363 276; x_wconf 77' lang='lat' dir='ltr'><strong>amicitiae</strong></span> <span class='ocrx_word' id='word_1_7' title='bbox 374 217 547 285; x_wconf 89' lang='lat' dir='ltr'><strong>tribuendus,</strong></span> <span class='ocrx_word' id='word_1_8' title='bbox 559 219 593 272; x_wconf 91' lang='lat' dir='ltr'><strong>ut</strong></span> <span class='ocrx_word' id='word_1_9' title='bbox 604 217 629 271; x_wconf 87' lang='lat' dir='ltr'><strong>is</strong></span> <span class='ocrx_word' id='word_1_10' title='bbox 640 217 669 271; x_wconf 93' lang='lat' dir='ltr'><strong>in</strong></span> <span class='ocrx_word' id='word_1_11' title='bbox 683 217 763 286; x_wconf 88' lang='lat' dir='ltr'><strong>eulpa</strong></span> <span class='ocrx_word' id='word_1_12' title='bbox 777 218 814 273; x_wconf 85' lang='lat' dir='ltr'><strong>ait</strong></span> <span class='ocrx_word' id='word_1_13' title='bbox 828 219 876 288; x_wconf 92' lang='lat' dir='ltr'><strong>qui</strong></span> <span class='ocrx_word' id='word_1_14' title='bbox 890 221 981 290; x_wconf 81' lang='lat' dir='ltr'><strong>faciat,</strong></span> 
     </span>
     <span class='ocr_line' id='line_1_3' title="bbox 126 293 980 367; baseline -0.002 -14"><span class='ocrx_word' id='word_1_15' title='bbox 126 317 181 353; x_wconf 90' lang='lat' dir='ltr'><strong>non</strong></span> <span class='ocrx_word' id='word_1_16' title='bbox 196 299 221 352; x_wconf 89' lang='lat' dir='ltr'><strong>is</strong></span> <span class='ocrx_word' id='word_1_17' title='bbox 237 298 285 367; x_wconf 89' lang='lat' dir='ltr'><strong>qui</strong></span> <span class='ocrx_word' id='word_1_18' title='bbox 300 297 423 366; x_wconf 87' lang='lat' dir='ltr'><strong>patiatur</strong></span> <span class='ocrx_word' id='word_1_19' title='bbox 438 293 579 363; x_wconf 86' lang='lat' dir='ltr'><strong>injuriam.</strong></span> <span class='ocrx_word' id='word_1_20' title='bbox 612 293 730 348; x_wconf 86' lang='lat' dir='ltr'><strong>Omnino</strong></span> <span class='ocrx_word' id='word_1_21' title='bbox 745 295 867 350; x_wconf 88' lang='lat' dir='ltr'><strong>omnium</strong></span> <span class='ocrx_word' id='word_1_22' title='bbox 882 296 980 352; x_wconf 91' lang='lat' dir='ltr'><strong>horum</strong></span> 
     </span>
     <span class='ocr_line' id='line_1_4' title="bbox 125 369 981 444; baseline -0.001 -15"><span class='ocrx_word' id='word_1_23' title='bbox 125 375 254 430; x_wconf 82' lang='lat' dir='ltr'><strong>vitiorum</strong></span> <span class='ocrx_word' id='word_1_24' title='bbox 266 376 350 444; x_wconf 89' lang='lat' dir='ltr'><strong>atque</strong></span> <span class='ocrx_word' id='word_1_25' title='bbox 362 369 594 425; x_wconf 83' lang='lat' dir='ltr'><strong>incommodorum</strong></span> <span class='ocrx_word' id='word_1_26' title='bbox 606 385 662 424; x_wconf 91' lang='lat' dir='ltr'><strong>una</strong></span> <span class='ocrx_word' id='word_1_27' title='bbox 669 371 760 424; x_wconf 88' lang='lat' dir='ltr'><strong>cautio</strong></span> <span class='ocrx_word' id='word_1_28' title='bbox 773 375 912 442; x_wconf 84' lang='lat' dir='ltr'><strong>astatque</strong></span> <span class='ocrx_word' id='word_1_29' title='bbox 925 390 981 428; x_wconf 86' lang='lat' dir='ltr'><strong>una</strong></span> 
     </span>
     <span class='ocr_line' id='line_1_5' title="bbox 126 442 983 519; baseline -0.001 -16"><span class='ocrx_word' id='word_1_30' title='bbox 126 450 250 519; x_wconf 83' lang='lat' dir='ltr'><strong>provisio,</strong></span> <span class='ocrx_word' id='word_1_31' title='bbox 268 453 300 503; x_wconf 91' lang='lat' dir='ltr'><strong>ut</strong></span> <span class='ocrx_word' id='word_1_32' title='bbox 317 465 352 502; x_wconf 93' lang='lat' dir='ltr'><strong>ne</strong></span> <span class='ocrx_word' id='word_1_33' title='bbox 370 446 450 500; x_wconf 91' lang='lat' dir='ltr'><strong>nimis</strong></span> <span class='ocrx_word' id='word_1_34' title='bbox 469 446 525 501; x_wconf 90' lang='lat' dir='ltr'><strong>cito</strong></span> <span class='ocrx_word' id='word_1_35' title='bbox 547 446 663 514; x_wconf 79' lang='lat' dir='ltr'><strong>diligero</strong></span> <span class='ocrx_word' id='word_1_36' title='bbox 682 447 814 515; x_wconf 77' lang='lat' dir='ltr'><strong>incipiant</strong></span> <span class='ocrx_word' id='word_1_37' title='bbox 833 465 902 502; x_wconf 87' lang='lat' dir='ltr'><strong>neve</strong></span> <span class='ocrx_word' id='word_1_38' title='bbox 923 442 983 502; x_wconf 79' lang='lat' dir='ltr'><strong>non</strong></span> 
     </span>
     <span class='ocr_line' id='line_1_6' title="bbox 126 523 979 594; baseline -0.001 -15"><span class='ocrx_word' id='word_1_39' title='bbox 126 527 231 594; x_wconf 87' lang='lat' dir='ltr'><strong>dignos.</strong></span> <span class='ocrx_word' id='word_1_40' title='bbox 266 528 308 582; x_wconf 85' lang='lat'><strong>79.</strong></span> <span class='ocrx_word' id='word_1_41' title='bbox 328 523 411 592; x_wconf 84' lang='lat' dir='ltr'><strong>Digni</strong></span> <span class='ocrx_word' id='word_1_42' title='bbox 426 525 518 577; x_wconf 88' lang='lat' dir='ltr'><strong>autem</strong></span> <span class='ocrx_word' id='word_1_43' title='bbox 536 525 601 576; x_wconf 87' lang='lat' dir='ltr'><strong>sunt</strong></span> <span class='ocrx_word' id='word_1_44' title='bbox 616 523 736 576; x_wconf 84' lang='lat' dir='ltr'><strong>amicitia</strong></span> <span class='ocrx_word' id='word_1_45' title='bbox 752 523 852 591; x_wconf 87' lang='lat' dir='ltr'><strong>quibus</strong></span> <span class='ocrx_word' id='word_1_46' title='bbox 868 524 897 577; x_wconf 92' lang='lat' dir='ltr'><strong>in</strong></span> <span class='ocrx_word' id='word_1_47' title='bbox 912 525 979 593; x_wconf 87' lang='lat' dir='ltr'><strong>ipsis</strong></span> 
     </span>
    </p>
   </div>
   <div class='ocr_carea' id='block_1_2' title="bbox 124 598 1028 668">
    <p class='ocr_par' dir='ltr' id='par_1_3' title="bbox 124 598 1028 668">
     <span class='ocr_line' id='line_1_7' title="bbox 124 598 1028 668; baseline 0 -14"><span class='ocrx_word' id='word_1_48' title='bbox 124 601 196 656; x_wconf 90' lang='lat' dir='ltr'><strong>inest</strong></span> <span class='ocrx_word' id='word_1_49' title='bbox 214 617 295 655; x_wconf 90' lang='lat' dir='ltr'><strong>causa</strong></span> <span class='ocrx_word' id='word_1_50' title='bbox 311 603 361 654; x_wconf 91' lang='lat' dir='ltr'><strong>cur</strong></span> <span class='ocrx_word' id='word_1_51' title='bbox 378 599 537 668; x_wconf 77' lang='lat' dir='ltr'><strong>diligantur.</strong></span> <span class='ocrx_word' id='word_1_52' title='bbox 555 617 557 620; x_wconf 92' lang='lat'>·</span> <span class='ocrx_word' id='word_1_53' title='bbox 575 598 680 652; x_wconf 84' lang='lat' dir='ltr'><strong>Rarum</strong></span> <span class='ocrx_word' id='word_1_54' title='bbox 699 615 793 666; x_wconf 88' lang='lat' dir='ltr'><strong>genus,</strong></span> <span class='ocrx_word' id='word_1_55' title='bbox 815 602 844 653; x_wconf 92' lang='lat' dir='ltr'><strong>et</strong></span> <span class='ocrx_word' id='word_1_56' title='bbox 866 600 978 667; x_wconf 88' lang='lat' dir='ltr'><strong>quidem</strong></span> <span class='ocrx_word' id='word_1_57' title='bbox 1024 630 1028 636; x_wconf 89' lang='lat'><strong>·</strong></span> 
     </span>
    </p>
   </div>
   <div class='ocr_carea' id='block_1_3' title="bbox 97 674 978 2869">
    <p class='ocr_par' dir='ltr' id='par_1_4' title="bbox 121 674 978 2340">
     <span class='ocr_line' id='line_1_8' title="bbox 125 674 978 747; baseline 0 -17"><span class='ocrx_word' id='word_1_58' title='bbox 125 677 215 731; x_wconf 89' lang='lat' dir='ltr'><strong>omnia</strong></span> <span class='ocrx_word' id='word_1_59' title='bbox 237 674 377 747; x_wconf 86' lang='lat' dir='ltr'><strong>praeclara</strong></span> <span class='ocrx_word' id='word_1_60' title='bbox 396 691 536 741; x_wconf 71' lang='lat' dir='ltr'><strong>reramec</strong></span> <span class='ocrx_word' id='word_1_61' title='bbox 561 675 711 745; x_wconf 75' lang='lat' dir='ltr'><strong>quidquam</strong></span> <span class='ocrx_word' id='word_1_62' title='bbox 736 675 870 729; x_wconf 88' lang='lat' dir='ltr'><strong>difficilius</strong></span> <span class='ocrx_word' id='word_1_63' title='bbox 895 693 978 746; x_wconf 88' lang='lat' dir='ltr'><strong>quam</strong></span> 
     </span>
     <span class='ocr_line' id='line_1_9' title="bbox 123 751 977 822; baseline 0.001 -16"><span class='ocrx_word' id='word_1_64' title='bbox 123 754 246 822; x_wconf 87' lang='lat' dir='ltr'><strong>reperire</strong></span> <span class='ocrx_word' id='word_1_65' title='bbox 258 751 332 822; x_wconf 90' lang='lat' dir='ltr'><strong>quod</strong></span> <span class='ocrx_word' id='word_1_66' title='bbox 344 751 381 805; x_wconf 88' lang='lat' dir='ltr'><strong>sit</strong></span> <span class='ocrx_word' id='word_1_67' title='bbox 393 751 465 805; x_wconf 88' lang='lat' dir='ltr'><strong>omni</strong></span> <span class='ocrx_word' id='word_1_68' title='bbox 478 766 512 804; x_wconf 88' lang='lat' dir='ltr'><strong>ex</strong></span> <span class='ocrx_word' id='word_1_69' title='bbox 521 756 602 819; x_wconf 85' lang='lat' dir='ltr'><strong>perte</strong></span> <span class='ocrx_word' id='word_1_70' title='bbox 610 751 639 804; x_wconf 93' lang='lat' dir='ltr'><strong>in</strong></span> <span class='ocrx_word' id='word_1_71' title='bbox 648 767 698 805; x_wconf 91' lang='lat' dir='ltr'><strong>suo</strong></span> <span class='ocrx_word' id='word_1_72' title='bbox 706 767 807 819; x_wconf 88' lang='lat' dir='ltr'><strong>genere</strong></span> <span class='ocrx_word' id='word_1_73' title='bbox 815 753 977 820; x_wconf 79' lang='lat' dir='ltr'><strong>perfectum.</strong></span> 
     </span>
     <span class='ocr_line' id='line_1_10' title="bbox 124 825 978 898; baseline -0.001 -15"><span class='ocrx_word' id='word_1_74' title='bbox 124 829 181 884; x_wconf 81' lang='lat' dir='ltr'><strong>Sed</strong></span> <span class='ocrx_word' id='word_1_75' title='bbox 192 829 317 898; x_wconf 78' lang='lat' dir='ltr'><strong>plerique</strong></span> <span class='ocrx_word' id='word_1_76' title='bbox 328 843 417 896; x_wconf 88' lang='lat' dir='ltr'><strong>neque</strong></span> <span class='ocrx_word' id='word_1_77' title='bbox 431 827 460 880; x_wconf 87' lang='lat' dir='ltr'><strong>in</strong></span> <span class='ocrx_word' id='word_1_78' title='bbox 474 825 557 880; x_wconf 91' lang='lat' dir='ltr'><strong>rebus</strong></span> <span class='ocrx_word' id='word_1_79' title='bbox 571 826 698 880; x_wconf 88' lang='lat' dir='ltr'><strong>humanis</strong></span> <span class='ocrx_word' id='word_1_80' title='bbox 712 827 861 896; x_wconf 89' lang='lat' dir='ltr'><strong>quidquam</strong></span> <span class='ocrx_word' id='word_1_81' title='bbox 876 827 978 882; x_wconf 90' lang='lat' dir='ltr'><strong>bonum</strong></span> 
     </span>
     <span class='ocr_line' id='line_1_11' title="bbox 124 901 978 973; baseline 0 -15"><span class='ocrx_word' id='word_1_82' title='bbox 124 907 225 960; x_wconf 90' lang='lat' dir='ltr'><strong>norunt</strong></span> <span class='ocrx_word' id='word_1_83' title='bbox 242 904 295 957; x_wconf 92' lang='lat' dir='ltr'><strong>nisi</strong></span> <span class='ocrx_word' id='word_1_84' title='bbox 315 903 390 972; x_wconf 90' lang='lat' dir='ltr'><strong>quod</strong></span> <span class='ocrx_word' id='word_1_85' title='bbox 409 903 581 956; x_wconf 82' lang='lat' dir='ltr'><strong>fructuosum</strong></span> <span class='ocrx_word' id='word_1_86' title='bbox 601 901 646 970; x_wconf 90' lang='lat' dir='ltr'><strong>sit,</strong></span> <span class='ocrx_word' id='word_1_87' title='bbox 664 905 694 956; x_wconf 92' lang='lat' dir='ltr'><strong>et</strong></span> <span class='ocrx_word' id='word_1_88' title='bbox 715 903 816 957; x_wconf 90' lang='lat' dir='ltr'><strong>amicos</strong></span> <span class='ocrx_word' id='word_1_89' title='bbox 837 904 978 973; x_wconf 80' lang='lat' dir='ltr'><strong>tamquam</strong></span> 
     </span>
     <span class='ocr_line' id='line_1_12' title="bbox 122 978 977 1050; baseline -0.001 -15"><span class='ocrx_word' id='word_1_90' title='bbox 122 982 242 1050; x_wconf 86' lang='lat' dir='ltr'><strong>pecudes</strong></span> <span class='ocrx_word' id='word_1_91' title='bbox 258 997 305 1034; x_wconf 88' lang='lat' dir='ltr'><strong>eos</strong></span> <span class='ocrx_word' id='word_1_92' title='bbox 320 978 492 1048; x_wconf 85' lang='lat' dir='ltr'><strong>potissimum</strong></span> <span class='ocrx_word' id='word_1_93' title='bbox 509 978 629 1046; x_wconf 86' lang='lat' dir='ltr'><strong>diligunt</strong></span> <span class='ocrx_word' id='word_1_94' title='bbox 647 995 682 1032; x_wconf 82' lang='lat' dir='ltr'><strong>ex</strong></span> <span class='ocrx_word' id='word_1_95' title='bbox 700 978 800 1046; x_wconf 87' lang='lat' dir='ltr'><strong>quibus</strong></span> <span class='ocrx_word' id='word_1_96' title='bbox 818 982 930 1048; x_wconf 86' lang='lat' dir='ltr'><strong>sperant</strong></span> <span class='ocrx_word' id='word_1_97' title='bbox 936 997 977 1034; x_wconf 88' lang='lat' dir='ltr'><strong>-se</strong></span> 
     </span>
     <span class='ocr_line' id='line_1_13' title="bbox 122 1054 978 1123; baseline 0 -13"><span class='ocrx_word' id='word_1_98' title='bbox 122 1057 272 1110; x_wconf 82' lang='lat' dir='ltr'><strong>maximum</strong></span> <span class='ocrx_word' id='word_1_99' title='bbox 288 1056 408 1109; x_wconf 81' lang='lat' dir='ltr'><strong>fructum</strong></span> <span class='ocrx_word' id='word_1_100' title='bbox 425 1070 485 1108; x_wconf 88' lang='lat' dir='ltr'><strong>esse</strong></span> <span class='ocrx_word' id='word_1_101' title='bbox 501 1057 637 1122; x_wconf 88' lang='lat' dir='ltr'><strong>capturos.</strong></span> <span class='ocrx_word' id='word_1_102' title='bbox 673 1060 714 1109; x_wconf 84' lang='lat'><strong>80.</strong></span> <span class='ocrx_word' id='word_1_103' title='bbox 733 1054 779 1108; x_wconf 87' lang='lat' dir='ltr'><strong>lta</strong></span> <span class='ocrx_word' id='word_1_104' title='bbox 793 1055 978 1123; x_wconf 89' lang='lat' dir='ltr'><strong>pulcherrima</strong></span> 
     </span>
     <span class='ocr_line' id='line_1_14' title="bbox 122 1129 976 1200; baseline 0 -16"><span class='ocrx_word' id='word_1_105' title='bbox 122 1131 169 1184; x_wconf 91' lang='lat' dir='ltr'><strong>illa</strong></span> <span class='ocrx_word' id='word_1_106' title='bbox 180 1135 210 1186; x_wconf 90' lang='lat' dir='ltr'><strong>et</strong></span> <span class='ocrx_word' id='word_1_107' title='bbox 221 1131 340 1185; x_wconf 85' lang='lat' dir='ltr'><strong>maxime</strong></span> <span class='ocrx_word' id='word_1_108' title='bbox 351 1129 469 1184; x_wconf 87' lang='lat' dir='ltr'><strong>naturali</strong></span> <span class='ocrx_word' id='word_1_109' title='bbox 482 1133 576 1184; x_wconf 87' lang='lat' dir='ltr'><strong>carent</strong></span> <span class='ocrx_word' id='word_1_110' title='bbox 587 1129 708 1184; x_wconf 87' lang='lat' dir='ltr'><strong>amicitia</strong></span> <span class='ocrx_word' id='word_1_111' title='bbox 720 1147 770 1199; x_wconf 91' lang='lat' dir='ltr'><strong>per</strong></span> <span class='ocrx_word' id='word_1_112' title='bbox 782 1147 812 1184; x_wconf 91' lang='lat' dir='ltr'><strong>se</strong></span> <span class='ocrx_word' id='word_1_113' title='bbox 824 1133 853 1184; x_wconf 93' lang='lat' dir='ltr'><strong>et</strong></span> <span class='ocrx_word' id='word_1_114' title='bbox 861 1135 976 1200; x_wconf 87' lang='lat' dir='ltr'><strong>propter</strong></span> 
     </span>
     <span class='ocr_line' id='line_1_15' title="bbox 123 1205 977 1276; baseline 0 -16"><span class='ocrx_word' id='word_1_115' title='bbox 123 1207 337 1276; x_wconf 52' lang='lat' dir='ltr'><strong>seaexpetende,</strong></span> <span class='ocrx_word' id='word_1_116' title='bbox 353 1223 403 1260; x_wconf 90' lang='lat' dir='ltr'><strong>nec</strong></span> <span class='ocrx_word' id='word_1_117' title='bbox 414 1206 467 1274; x_wconf 93' lang='lat' dir='ltr'><strong>ipsi</strong></span> <span class='ocrx_word' id='word_1_118' title='bbox 483 1205 535 1258; x_wconf 89' lang='lat' dir='ltr'><strong>sibi</strong></span> <span class='ocrx_word' id='word_1_119' title='bbox 552 1205 677 1274; x_wconf 87' lang='lat' dir='ltr'><strong>exemplo</strong></span> <span class='ocrx_word' id='word_1_120' title='bbox 692 1209 757 1260; x_wconf 88' lang='lat' dir='ltr'><strong>suut</strong></span> <span class='ocrx_word' id='word_1_121' title='bbox 771 1206 839 1260; x_wconf 89' lang='lat' dir='ltr'><strong>haec</strong></span> <span class='ocrx_word' id='word_1_122' title='bbox 853 1206 896 1260; x_wconf 79' lang='lat' dir='ltr'><strong>ris</strong></span> <span class='ocrx_word' id='word_1_123' title='bbox 911 1207 977 1260; x_wconf 90' lang='lat' dir='ltr'><strong>ami-</strong></span> 
     </span>
     <span class='ocr_line' id='line_1_16' title="bbox 123 1281 977 1352; baseline 0.001 -17"><span class='ocrx_word' id='word_1_124' title='bbox 123 1282 205 1338; x_wconf 87' lang='lat' dir='ltr'><strong>citiae</strong></span> <span class='ocrx_word' id='word_1_125' title='bbox 217 1283 305 1352; x_wconf 88' lang='lat' dir='ltr'><strong>qualis</strong></span> <span class='ocrx_word' id='word_1_126' title='bbox 318 1286 347 1336; x_wconf 89' lang='lat' dir='ltr'><strong>et</strong></span> <span class='ocrx_word' id='word_1_127' title='bbox 360 1288 463 1351; x_wconf 86' lang='lat' dir='ltr'><strong>quauta</strong></span> <span class='ocrx_word' id='word_1_128' title='bbox 474 1281 521 1336; x_wconf 85' lang='lat' dir='ltr'><strong>sit.</strong></span> <span class='ocrx_word' id='word_1_129' title='bbox 555 1281 620 1349; x_wconf 88' lang='lat' dir='ltr'><strong>Ipse</strong></span> <span class='ocrx_word' id='word_1_130' title='bbox 629 1281 702 1349; x_wconf 84' lang='lat' dir='ltr'><strong>enim</strong></span> <span class='ocrx_word' id='word_1_131' title='bbox 711 1298 742 1334; x_wconf 86' lang='lat' dir='ltr'><strong>se</strong></span> <span class='ocrx_word' id='word_1_132' title='bbox 753 1281 869 1351; x_wconf 86' lang='lat' dir='ltr'><strong>quisque</strong></span> <span class='ocrx_word' id='word_1_133' title='bbox 878 1282 977 1350; x_wconf 80' lang='lat' dir='ltr'><strong>diligit,</strong></span> 
     </span>
     <span class='ocr_line' id='line_1_17' title="bbox 123 1357 975 1432; baseline 0.001 -18"><span class='ocrx_word' id='word_1_134' title='bbox 123 1376 178 1415; x_wconf 92' lang='lat' dir='ltr'><strong>non</strong></span> <span class='ocrx_word' id='word_1_135' title='bbox 189 1363 221 1414; x_wconf 92' lang='lat' dir='ltr'><strong>ut</strong></span> <span class='ocrx_word' id='word_1_136' title='bbox 233 1360 352 1428; x_wconf 90' lang='lat' dir='ltr'><strong>aliquam</strong></span> <span class='ocrx_word' id='word_1_137' title='bbox 365 1375 382 1412; x_wconf 92' lang='lat' dir='ltr'><strong>a</strong></span> <span class='ocrx_word' id='word_1_138' title='bbox 394 1375 423 1412; x_wconf 89' lang='lat' dir='ltr'><strong>se</strong></span> <span class='ocrx_word' id='word_1_139' title='bbox 435 1359 494 1427; x_wconf 90' lang='lat' dir='ltr'><strong>ipse</strong></span> <span class='ocrx_word' id='word_1_140' title='bbox 506 1358 662 1411; x_wconf 84' lang='lat' dir='ltr'><strong>mercedem</strong></span> <span class='ocrx_word' id='word_1_141' title='bbox 670 1357 764 1427; x_wconf 81' lang='lat' dir='ltr'><strong>exigat</strong></span> <span class='ocrx_word' id='word_1_142' title='bbox 771 1360 895 1413; x_wconf 85' lang='lat' dir='ltr'><strong>caritatis</strong></span> <span class='ocrx_word' id='word_1_143' title='bbox 901 1375 975 1432; x_wconf 85' lang='lat' dir='ltr'><strong>suae,</strong></span> 
     </span>
     <span class='ocr_line' id='line_1_18' title="bbox 123 1433 977 1505; baseline -0.002 -16"><span class='ocrx_word' id='word_1_144' title='bbox 123 1435 260 1505; x_wconf 86' lang='lat' dir='ltr'><strong>sedquod</strong></span> <span class='ocrx_word' id='word_1_145' title='bbox 272 1451 322 1504; x_wconf 87' lang='lat' dir='ltr'><strong>per</strong></span> <span class='ocrx_word' id='word_1_146' title='bbox 334 1451 364 1488; x_wconf 87' lang='lat' dir='ltr'><strong>se</strong></span> <span class='ocrx_word' id='word_1_147' title='bbox 377 1433 429 1488; x_wconf 91' lang='lat' dir='ltr'><strong>sibi</strong></span> <span class='ocrx_word' id='word_1_148' title='bbox 442 1433 559 1503; x_wconf 91' lang='lat' dir='ltr'><strong>quisque</strong></span> <span class='ocrx_word' id='word_1_149' title='bbox 571 1450 652 1494; x_wconf 83' lang='lat' dir='ltr'><strong>carus</strong></span> <span class='ocrx_word' id='word_1_150' title='bbox 662 1443 713 1486; x_wconf 87' lang='lat' dir='ltr'><strong>est.</strong></span> <span class='ocrx_word' id='word_1_151' title='bbox 747 1434 827 1498; x_wconf 80' lang='lat' dir='ltr'><strong>Quod</strong></span> <span class='ocrx_word' id='word_1_152' title='bbox 838 1433 890 1486; x_wconf 86' lang='lat' dir='ltr'><strong>uisi</strong></span> <span class='ocrx_word' id='word_1_153' title='bbox 902 1433 977 1487; x_wconf 90' lang='lat' dir='ltr'><strong>idem</strong></span> 
     </span>
     <span class='ocr_line' id='line_1_19' title="bbox 121 1509 977 1577; baseline -0.004 -12"><span class='ocrx_word' id='word_1_154' title='bbox 121 1511 150 1565; x_wconf 94' lang='lat' dir='ltr'><strong>iu</strong></span> <span class='ocrx_word' id='word_1_155' title='bbox 171 1511 320 1565; x_wconf 90' lang='lat' dir='ltr'><strong>amicitiam</strong></span> <span class='ocrx_word' id='word_1_156' title='bbox 340 1510 529 1575; x_wconf 78' lang='lat' dir='ltr'><strong>transferetur,</strong></span> <span class='ocrx_word' id='word_1_157' title='bbox 550 1525 632 1563; x_wconf 83' lang='lat' dir='ltr'><strong>verus</strong></span> <span class='ocrx_word' id='word_1_158' title='bbox 653 1509 756 1564; x_wconf 86' lang='lat' dir='ltr'><strong>amicus</strong></span> <span class='ocrx_word' id='word_1_159' title='bbox 776 1525 915 1577; x_wconf 90' lang='lat' dir='ltr'><strong>nunquam</strong></span> <span class='ocrx_word' id='word_1_160' title='bbox 935 1525 977 1562; x_wconf 80' lang='lat' dir='ltr'><strong>re</strong></span> 
     </span>
     <span class='ocr_line' id='line_1_20' title="bbox 121 1584 976 1656; baseline -0.007 -14"><span class='ocrx_word' id='word_1_161' title='bbox 121 1589 257 1656; x_wconf 75' lang='lat' dir='ltr'><strong>parietur,</strong></span> <span class='ocrx_word' id='word_1_162' title='bbox 274 1590 318 1642; x_wconf 89' lang='lat' dir='ltr'><strong>est</strong></span> <span class='ocrx_word' id='word_1_163' title='bbox 329 1587 402 1642; x_wconf 91' lang='lat' dir='ltr'><strong>enim</strong></span> <span class='ocrx_word' id='word_1_164' title='bbox 413 1587 438 1640; x_wconf 90' lang='lat' dir='ltr'><strong>is</strong></span> <span class='ocrx_word' id='word_1_165' title='bbox 449 1586 497 1655; x_wconf 91' lang='lat' dir='ltr'><strong>qui</strong></span> <span class='ocrx_word' id='word_1_166' title='bbox 514 1588 557 1638; x_wconf 89' lang='lat' dir='ltr'><strong>est</strong></span> <span class='ocrx_word' id='word_1_167' title='bbox 572 1587 715 1653; x_wconf 83' lang='lat' dir='ltr'><strong>tamquam</strong></span> <span class='ocrx_word' id='word_1_168' title='bbox 731 1585 801 1639; x_wconf 87' lang='lat' dir='ltr'><strong>alter</strong></span> <span class='ocrx_word' id='word_1_169' title='bbox 816 1584 897 1638; x_wconf 90' lang='lat' dir='ltr'><strong>idem.</strong></span> <span class='ocrx_word' id='word_1_170' title='bbox 932 1590 976 1640; x_wconf 80' lang='lat'><strong>81.</strong></span> 
     </span>
     <span class='ocr_line' id='line_1_21' title="bbox 123 1660 977 1731; baseline -0.002 -14"><span class='ocrx_word' id='word_1_171' title='bbox 123 1663 203 1729; x_wconf 81' lang='lat' dir='ltr'><strong>Quod</strong></span> <span class='ocrx_word' id='word_1_172' title='bbox 224 1663 247 1717; x_wconf 86' lang='lat' dir='ltr'><strong>si</strong></span> <span class='ocrx_word' id='word_1_173' title='bbox 267 1663 318 1716; x_wconf 89' lang='lat' dir='ltr'><strong>hoc</strong></span> <span class='ocrx_word' id='word_1_174' title='bbox 340 1665 456 1731; x_wconf 85' lang='lat' dir='ltr'><strong>apparet</strong></span> <span class='ocrx_word' id='word_1_175' title='bbox 476 1660 505 1714; x_wconf 91' lang='lat' dir='ltr'><strong>in</strong></span> <span class='ocrx_word' id='word_1_176' title='bbox 529 1660 633 1729; x_wconf 86' lang='lat' dir='ltr'><strong>bestiis,</strong></span> <span class='ocrx_word' id='word_1_177' title='bbox 657 1660 818 1727; x_wconf 87' lang='lat' dir='ltr'><strong>volucribus,</strong></span> <span class='ocrx_word' id='word_1_178' title='bbox 839 1661 977 1727; x_wconf 85' lang='lat' dir='ltr'><strong>nantibus,</strong></span> 
     </span>
     <span class='ocr_line' id='line_1_22' title="bbox 121 1737 976 1807; baseline -0.004 -13"><span class='ocrx_word' id='word_1_179' title='bbox 121 1740 285 1807; x_wconf 79' lang='lat' dir='ltr'><strong>agrestibus,</strong></span> <span class='ocrx_word' id='word_1_180' title='bbox 298 1738 440 1805; x_wconf 87' lang='lat' dir='ltr'><strong>cicuribus,</strong></span> <span class='ocrx_word' id='word_1_181' title='bbox 452 1737 525 1804; x_wconf 85' lang='lat' dir='ltr'><strong>seris,</strong></span> <span class='ocrx_word' id='word_1_182' title='bbox 537 1737 657 1806; x_wconf 91' lang='lat' dir='ltr'><strong>primum</strong></span> <span class='ocrx_word' id='word_1_183' title='bbox 670 1740 703 1791; x_wconf 90' lang='lat' dir='ltr'><strong>ut</strong></span> <span class='ocrx_word' id='word_1_184' title='bbox 714 1753 744 1791; x_wconf 87' lang='lat' dir='ltr'><strong>se</strong></span> <span class='ocrx_word' id='word_1_185' title='bbox 759 1737 835 1805; x_wconf 88' lang='lat' dir='ltr'><strong>ipsae</strong></span> <span class='ocrx_word' id='word_1_186' title='bbox 852 1737 976 1806; x_wconf 85' lang='lat' dir='ltr'><strong>diligant,</strong></span> 
     </span>
     <span class='ocr_line' id='line_1_23' title="bbox 121 1813 977 1884; baseline 0 -15"><span class='ocrx_word' id='word_1_187' title='bbox 121 1815 153 1869; x_wconf 89' lang='lat' dir='ltr'><strong>id</strong></span> <span class='ocrx_word' id='word_1_188' title='bbox 165 1816 239 1869; x_wconf 91' lang='lat' dir='ltr'><strong>enim</strong></span> <span class='ocrx_word' id='word_1_189' title='bbox 249 1814 354 1884; x_wconf 85' lang='lat' dir='ltr'><strong>pariter</strong></span> <span class='ocrx_word' id='word_1_190' title='bbox 365 1830 427 1867; x_wconf 87' lang='lat' dir='ltr'><strong>cum</strong></span> <span class='ocrx_word' id='word_1_191' title='bbox 440 1813 512 1866; x_wconf 91' lang='lat' dir='ltr'><strong>omni</strong></span> <span class='ocrx_word' id='word_1_192' title='bbox 529 1813 668 1867; x_wconf 75' lang='lat' dir='ltr'><strong>animante</strong></span> <span class='ocrx_word' id='word_1_193' title='bbox 682 1813 811 1881; x_wconf 82' lang='lat' dir='ltr'><strong>nascitur,</strong></span> <span class='ocrx_word' id='word_1_194' title='bbox 828 1813 929 1868; x_wconf 87' lang='lat' dir='ltr'><strong>deiude</strong></span> <span class='ocrx_word' id='word_1_195' title='bbox 943 1817 977 1868; x_wconf 91' lang='lat' dir='ltr'><strong>ut</strong></span> 
     </span>
     <span class='ocr_line' id='line_1_24' title="bbox 122 1888 976 1961; baseline -0.005 -15"><span class='ocrx_word' id='word_1_196' title='bbox 122 1891 266 1961; x_wconf 88' lang='lat' dir='ltr'><strong>requirant</strong></span> <span class='ocrx_word' id='word_1_197' title='bbox 283 1892 368 1959; x_wconf 90' lang='lat' dir='ltr'><strong>atque</strong></span> <span class='ocrx_word' id='word_1_198' title='bbox 386 1890 518 1959; x_wconf 85' lang='lat' dir='ltr'><strong>appetant</strong></span> <span class='ocrx_word' id='word_1_199' title='bbox 530 1888 567 1941; x_wconf 82' lang='lat' dir='ltr'><strong>ad</strong></span> <span class='ocrx_word' id='word_1_200' title='bbox 579 1905 648 1958; x_wconf 86' lang='lat' dir='ltr'><strong>quas</strong></span> <span class='ocrx_word' id='word_1_201' title='bbox 660 1906 690 1943; x_wconf 93' lang='lat' dir='ltr'><strong>se</strong></span> <span class='ocrx_word' id='word_1_202' title='bbox 701 1889 839 1957; x_wconf 89' lang='lat' dir='ltr'><strong>applicent</strong></span> <span class='ocrx_word' id='word_1_203' title='bbox 851 1889 976 1957; x_wconf 87' lang='lat' dir='ltr'><strong>ejusdem</strong></span> 
     </span>
     <span class='ocr_line' id='line_1_25' title="bbox 122 1964 976 2036; baseline -0.002 -15"><span class='ocrx_word' id='word_1_204' title='bbox 122 1967 230 2036; x_wconf 86' lang='lat' dir='ltr'><strong>generis</strong></span> <span class='ocrx_word' id='word_1_205' title='bbox 242 1966 403 2031; x_wconf 79' lang='lat' dir='ltr'><strong>animantes,</strong></span> <span class='ocrx_word' id='word_1_206' title='bbox 420 1965 506 2033; x_wconf 90' lang='lat' dir='ltr'><strong>idque</strong></span> <span class='ocrx_word' id='word_1_207' title='bbox 520 1965 626 2019; x_wconf 84' lang='lat' dir='ltr'><strong>faciunt</strong></span> <span class='ocrx_word' id='word_1_208' title='bbox 643 1981 704 2019; x_wconf 90' lang='lat' dir='ltr'><strong>cum</strong></span> <span class='ocrx_word' id='word_1_209' title='bbox 720 1964 858 2019; x_wconf 85' lang='lat' dir='ltr'><strong>desiderio</strong></span> <span class='ocrx_word' id='word_1_210' title='bbox 872 1969 976 2019; x_wconf 86' lang='lat' dir='ltr'><strong>etcum</strong></span> 
     </span>
     <span class='ocr_line' id='line_1_26' title="bbox 122 2040 975 2113; baseline -0.001 -16"><span class='ocrx_word' id='word_1_211' title='bbox 122 2042 240 2113; x_wconf 86' lang='lat' dir='ltr'><strong>quadam</strong></span> <span class='ocrx_word' id='word_1_212' title='bbox 252 2040 431 2095; x_wconf 88' lang='lat' dir='ltr'><strong>similitudine</strong></span> <span class='ocrx_word' id='word_1_213' title='bbox 444 2041 544 2095; x_wconf 88' lang='lat' dir='ltr'><strong>amoris</strong></span> <span class='ocrx_word' id='word_1_214' title='bbox 555 2040 676 2109; x_wconf 89' lang='lat' dir='ltr'><strong>humani,</strong></span> <span class='ocrx_word' id='word_1_215' title='bbox 689 2044 792 2109; x_wconf 90' lang='lat' dir='ltr'><strong>quanto</strong></span> <span class='ocrx_word' id='word_1_216' title='bbox 804 2041 834 2094; x_wconf 94' lang='lat' dir='ltr'><strong>id</strong></span> <span class='ocrx_word' id='word_1_217' title='bbox 849 2042 936 2109; x_wconf 85' lang='lat' dir='ltr'><strong>magis</strong></span> <span class='ocrx_word' id='word_1_218' title='bbox 947 2043 975 2096; x_wconf 91' lang='lat' dir='ltr'><strong>in</strong></span> 
     </span>
     <span class='ocr_line' id='line_1_27' title="bbox 124 2116 975 2185; baseline -0.002 -13"><span class='ocrx_word' id='word_1_219' title='bbox 124 2118 234 2172; x_wconf 91' lang='lat' dir='ltr'><strong>homine</strong></span> <span class='ocrx_word' id='word_1_220' title='bbox 256 2117 289 2171; x_wconf 85' lang='lat' dir='ltr'><strong>fit</strong></span> <span class='ocrx_word' id='word_1_221' title='bbox 306 2118 412 2185; x_wconf 87' lang='lat' dir='ltr'><strong>natura,</strong></span> <span class='ocrx_word' id='word_1_222' title='bbox 430 2117 477 2185; x_wconf 93' lang='lat' dir='ltr'><strong>qui</strong></span> <span class='ocrx_word' id='word_1_223' title='bbox 500 2120 529 2171; x_wconf 92' lang='lat' dir='ltr'><strong>et</strong></span> <span class='ocrx_word' id='word_1_224' title='bbox 550 2133 580 2171; x_wconf 90' lang='lat' dir='ltr'><strong>se</strong></span> <span class='ocrx_word' id='word_1_225' title='bbox 600 2118 659 2185; x_wconf 83' lang='lat' dir='ltr'><strong>ipse</strong></span> <span class='ocrx_word' id='word_1_226' title='bbox 683 2116 781 2185; x_wconf 81' lang='lat' dir='ltr'><strong>diligit,</strong></span> <span class='ocrx_word' id='word_1_227' title='bbox 805 2120 834 2171; x_wconf 90' lang='lat' dir='ltr'><strong>et</strong></span> <span class='ocrx_word' id='word_1_228' title='bbox 857 2117 975 2170; x_wconf 87' lang='lat' dir='ltr'><strong>alterum</strong></span> 
     </span>
     <span class='ocr_line' id='line_1_28' title="bbox 123 2192 977 2264; baseline 0 -16"><span class='ocrx_word' id='word_1_229' title='bbox 123 2194 244 2264; x_wconf 86' lang='lat' dir='ltr'><strong>anquirit</strong></span> <span class='ocrx_word' id='word_1_230' title='bbox 262 2194 340 2263; x_wconf 86' lang='lat' dir='ltr'><strong>cujus</strong></span> <span class='ocrx_word' id='word_1_231' title='bbox 360 2192 481 2247; x_wconf 87' lang='lat' dir='ltr'><strong>animum</strong></span> <span class='ocrx_word' id='word_1_232' title='bbox 500 2194 541 2247; x_wconf 89' lang='lat' dir='ltr'><strong>ita</strong></span> <span class='ocrx_word' id='word_1_233' title='bbox 557 2209 620 2247; x_wconf 90' lang='lat' dir='ltr'><strong>cum</strong></span> <span class='ocrx_word' id='word_1_234' title='bbox 638 2209 687 2246; x_wconf 89' lang='lat' dir='ltr'><strong>suo</strong></span> <span class='ocrx_word' id='word_1_235' title='bbox 705 2193 817 2247; x_wconf 87' lang='lat' dir='ltr'><strong>misceat</strong></span> <span class='ocrx_word' id='word_1_236' title='bbox 834 2197 866 2247; x_wconf 90' lang='lat' dir='ltr'><strong>ut</strong></span> <span class='ocrx_word' id='word_1_237' title='bbox 878 2193 977 2248; x_wconf 88' lang='lat' dir='ltr'><strong>efficiat</strong></span> 
     </span>
     <span class='ocr_line' id='line_1_29' title="bbox 124 2268 545 2340; baseline -0.017 -16"><span class='ocrx_word' id='word_1_238' title='bbox 124 2286 211 2340; x_wconf 84' lang='lat' dir='ltr'><strong>paene</strong></span> <span class='ocrx_word' id='word_1_239' title='bbox 222 2285 307 2324; x_wconf 90' lang='lat' dir='ltr'><strong>unum</strong></span> <span class='ocrx_word' id='word_1_240' title='bbox 319 2286 353 2323; x_wconf 86' lang='lat' dir='ltr'><strong>cx</strong></span> <span class='ocrx_word' id='word_1_241' title='bbox 366 2268 493 2324; x_wconf 73' lang='lat' dir='ltr'><strong>duobus?</strong></span> <span class='ocrx_word' id='word_1_242' title='bbox 543 2313 545 2317; x_wconf 86' lang='lat'>.</span> 
     </span>
    </p>

    <p class='ocr_par' dir='ltr' id='par_1_5' title="bbox 97 2343 978 2869">
     <span class='ocr_line' id='line_1_30' title="bbox 177 2343 977 2414; baseline -0.003 -15"><span class='ocrx_word' id='word_1_243' title='bbox 177 2346 273 2399; x_wconf 88' lang='lat' dir='ltr'>XXII.</span> <span class='ocrx_word' id='word_1_244' title='bbox 293 2350 335 2401; x_wconf 74' lang='lat'><strong>82.</strong></span> <span class='ocrx_word' id='word_1_245' title='bbox 366 2344 422 2399; x_wconf 84' lang='lat' dir='ltr'><strong>Sed</strong></span> <span class='ocrx_word' id='word_1_246' title='bbox 436 2344 561 2414; x_wconf 87' lang='lat' dir='ltr'><strong>plerique</strong></span> <span class='ocrx_word' id='word_1_247' title='bbox 581 2361 770 2414; x_wconf 68' lang='lat' dir='ltr'><strong>pervorsario</strong></span> <span class='ocrx_word' id='word_1_248' title='bbox 788 2343 877 2398; x_wconf 74' lang='lat' dir='ltr'><strong>diram</strong></span> <span class='ocrx_word' id='word_1_249' title='bbox 891 2345 977 2413; x_wconf 88' lang='lat' dir='ltr'><strong>impu-</strong></span> 
     </span>
     <span class='ocr_line' id='line_1_31' title="bbox 124 2420 977 2490; baseline -0.002 -13"><span class='ocrx_word' id='word_1_250' title='bbox 124 2422 230 2489; x_wconf 87' lang='lat' dir='ltr'><strong>denter,</strong></span> <span class='ocrx_word' id='word_1_251' title='bbox 251 2424 367 2479; x_wconf 88' lang='lat' dir='ltr'><strong>amicum</strong></span> <span class='ocrx_word' id='word_1_252' title='bbox 384 2424 486 2480; x_wconf 84' lang='lat' dir='ltr'><strong>habere</strong></span> <span class='ocrx_word' id='word_1_253' title='bbox 503 2426 588 2480; x_wconf 87' lang='lat' dir='ltr'><strong>talem</strong></span> <span class='ocrx_word' id='word_1_254' title='bbox 613 2421 709 2475; x_wconf 89' lang='lat' dir='ltr'><strong>volunt</strong></span> <span class='ocrx_word' id='word_1_255' title='bbox 728 2421 823 2490; x_wconf 89' lang='lat' dir='ltr'><strong>quales</strong></span> <span class='ocrx_word' id='word_1_256' title='bbox 843 2420 896 2489; x_wconf 86' lang='lat' dir='ltr'><strong>ipsi</strong></span> <span class='ocrx_word' id='word_1_257' title='bbox 916 2437 977 2475; x_wconf 87' lang='lat' dir='ltr'><strong>esse</strong></span> 
     </span>
     <span class='ocr_line' id='line_1_32' title="bbox 122 2496 976 2567; baseline -0.001 -15"><span class='ocrx_word' id='word_1_258' title='bbox 122 2515 175 2552; x_wconf 90' lang='lat' dir='ltr'><strong>non</strong></span> <span class='ocrx_word' id='word_1_259' title='bbox 193 2501 322 2567; x_wconf 87' lang='lat' dir='ltr'><strong>possunt;</strong></span> <span class='ocrx_word' id='word_1_260' title='bbox 340 2514 465 2566; x_wconf 86' lang='lat' dir='ltr'><strong>quaeque</strong></span> <span class='ocrx_word' id='word_1_261' title='bbox 483 2498 536 2566; x_wconf 89' lang='lat' dir='ltr'><strong>ipsi</strong></span> <span class='ocrx_word' id='word_1_262' title='bbox 552 2514 606 2551; x_wconf 90' lang='lat' dir='ltr'><strong>non</strong></span> <span class='ocrx_word' id='word_1_263' title='bbox 629 2496 758 2551; x_wconf 82' lang='lat' dir='ltr'><strong>tribuunt</strong></span> <span class='ocrx_word' id='word_1_264' title='bbox 781 2496 884 2564; x_wconf 88' lang='lat' dir='ltr'><strong>amicis,</strong></span> <span class='ocrx_word' id='word_1_265' title='bbox 908 2497 976 2551; x_wconf 87' lang='lat' dir='ltr'><strong>haec</strong></span> 
     </span>
     <span class='ocr_line' id='line_1_33' title="bbox 97 2564 977 2642; baseline 0 -14"><span class='ocrx_word' id='word_1_266' title='bbox 97 2564 104 2579; x_wconf 80' lang='lat'><em>‘</em></span> <span class='ocrx_word' id='word_1_267' title='bbox 120 2575 157 2628; x_wconf 89' lang='lat' dir='ltr'><strong>ab</strong></span> <span class='ocrx_word' id='word_1_268' title='bbox 170 2574 209 2628; x_wconf 89' lang='lat' dir='ltr'><strong>eis</strong></span> <span class='ocrx_word' id='word_1_269' title='bbox 225 2573 392 2629; x_wconf 85' lang='lat' dir='ltr'><strong>desiderant.</strong></span> <span class='ocrx_word' id='word_1_270' title='bbox 429 2574 483 2627; x_wconf 90' lang='lat' dir='ltr'><strong>Par</strong></span> <span class='ocrx_word' id='word_1_271' title='bbox 501 2577 545 2628; x_wconf 90' lang='lat' dir='ltr'><strong>est</strong></span> <span class='ocrx_word' id='word_1_272' title='bbox 563 2577 656 2628; x_wconf 91' lang='lat' dir='ltr'><strong>autem</strong></span> <span class='ocrx_word' id='word_1_273' title='bbox 675 2574 794 2641; x_wconf 89' lang='lat' dir='ltr'><strong>primum</strong></span> <span class='ocrx_word' id='word_1_274' title='bbox 813 2573 903 2642; x_wconf 87' lang='lat' dir='ltr'><strong>ipsum</strong></span> <span class='ocrx_word' id='word_1_275' title='bbox 915 2589 977 2628; x_wconf 86' lang='lat' dir='ltr'><strong>esse</strong></span> 
     </span>
     <span class='ocr_line' id='line_1_34' title="bbox 122 2649 976 2717; baseline 0 -14"><span class='ocrx_word' id='word_1_276' title='bbox 122 2650 212 2703; x_wconf 82' lang='lat' dir='ltr'><strong>virum</strong></span> <span class='ocrx_word' id='word_1_277' title='bbox 224 2649 332 2713; x_wconf 90' lang='lat' dir='ltr'><strong>bonum,</strong></span> <span class='ocrx_word' id='word_1_278' title='bbox 352 2653 411 2703; x_wconf 92' lang='lat' dir='ltr'><strong>tum</strong></span> <span class='ocrx_word' id='word_1_279' title='bbox 431 2650 549 2703; x_wconf 84' lang='lat' dir='ltr'><strong>alterum</strong></span> <span class='ocrx_word' id='word_1_280' title='bbox 570 2649 686 2703; x_wconf 85' lang='lat' dir='ltr'><strong>similem</strong></span> <span class='ocrx_word' id='word_1_281' title='bbox 703 2649 746 2703; x_wconf 90' lang='lat' dir='ltr'><strong>sui</strong></span> <span class='ocrx_word' id='word_1_282' title='bbox 765 2666 905 2717; x_wconf 87' lang='lat' dir='ltr'><strong>quaerere.</strong></span> <span class='ocrx_word' id='word_1_283' title='bbox 942 2650 976 2703; x_wconf 91' lang='lat' dir='ltr'><strong>ln</strong></span> 
     </span>
     <span class='ocr_line' id='line_1_35' title="bbox 121 2724 978 2794; baseline -0.002 -15"><span class='ocrx_word' id='word_1_284' title='bbox 121 2725 223 2779; x_wconf 86' lang='lat' dir='ltr'><strong>talibus</strong></span> <span class='ocrx_word' id='word_1_285' title='bbox 232 2742 264 2779; x_wconf 85' lang='lat' dir='ltr'><strong>ea</strong></span> <span class='ocrx_word' id='word_1_286' title='bbox 276 2742 358 2794; x_wconf 87' lang='lat' dir='ltr'><strong>quam</strong></span> <span class='ocrx_word' id='word_1_287' title='bbox 375 2724 540 2793; x_wconf 85' lang='lat' dir='ltr'><strong>jamdudum</strong></span> <span class='ocrx_word' id='word_1_288' title='bbox 552 2728 704 2779; x_wconf 87' lang='lat' dir='ltr'><strong>tractamus</strong></span> <span class='ocrx_word' id='word_1_289' title='bbox 725 2724 863 2778; x_wconf 83' lang='lat' dir='ltr'><strong>stabilitae</strong></span> <span class='ocrx_word' id='word_1_290' title='bbox 885 2724 978 2778; x_wconf 87' lang='lat' dir='ltr'><strong>amici-</strong></span> 
     </span>
     <span class='ocr_line' id='line_1_36' title="bbox 122 2800 977 2869; baseline -0.004 -13"><span class='ocrx_word' id='word_1_291' title='bbox 122 2802 179 2856; x_wconf 89' lang='lat' dir='ltr'><strong>tiae</strong></span> <span class='ocrx_word' id='word_1_292' title='bbox 192 2800 346 2855; x_wconf 89' lang='lat' dir='ltr'><strong>conlirmari</strong></span> <span class='ocrx_word' id='word_1_293' title='bbox 364 2803 464 2869; x_wconf 88' lang='lat' dir='ltr'><strong>potest,</strong></span> <span class='ocrx_word' id='word_1_294' title='bbox 478 2817 562 2868; x_wconf 90' lang='lat' dir='ltr'><strong>quum</strong></span> <span class='ocrx_word' id='word_1_295' title='bbox 576 2801 699 2853; x_wconf 86' lang='lat' dir='ltr'><strong>homines</strong></span> <span class='ocrx_word' id='word_1_296' title='bbox 710 2800 903 2854; x_wconf 83' lang='lat' dir='ltr'><strong>benevolentia</strong></span> <span class='ocrx_word' id='word_1_297' title='bbox 914 2817 977 2854; x_wconf 88' lang='lat' dir='ltr'><strong>con-</strong></span> 
     </span>
    </p>
   </div>
   <div class='ocr_carea' id='block_1_4' title="bbox 117 2875 993 2947">
    <p class='ocr_par' dir='ltr' id='par_1_6' title="bbox 117 2875 993 2947">
     <span class='ocr_line' id='line_1_37' title="bbox 117 2875 993 2947; baseline 0 -16"><span class='ocrx_word' id='word_1_298' title='bbox 117 2877 210 2945; x_wconf 88' lang='lat' dir='ltr'><strong>juncti</strong></span> <span class='ocrx_word' id='word_1_299' title='bbox 226 2876 345 2945; x_wconf 87' lang='lat' dir='ltr'><strong>primum</strong></span> <span class='ocrx_word' id='word_1_300' title='bbox 364 2875 563 2942; x_wconf 87' lang='lat' dir='ltr'><strong>cupiditatibus</strong></span> <span class='ocrx_word' id='word_1_301' title='bbox 579 2876 613 2929; x_wconf 91' lang='lat' dir='ltr'><strong>iis</strong></span> <span class='ocrx_word' id='word_1_302' title='bbox 630 2876 729 2944; x_wconf 86' lang='lat' dir='ltr'><strong>quibua</strong></span> <span class='ocrx_word' id='word_1_303' title='bbox 750 2876 835 2931; x_wconf 90' lang='lat' dir='ltr'><strong>ceteri</strong></span> <span class='ocrx_word' id='word_1_304' title='bbox 853 2876 993 2947; x_wconf 19' lang='lat' dir='ltr'><strong>serviunt,</strong></span> 
     </span>
    </p>
   </div>
   <div class='ocr_carea' id='block_1_5' title="bbox 120 2950 978 3251">
    <p class='ocr_par' dir='ltr' id='par_1_7' title="bbox 120 2950 978 3251">
     <span class='ocr_line' id='line_1_38' title="bbox 120 2950 977 3022; baseline 0.002 -17"><span class='ocrx_word' id='word_1_305' title='bbox 120 2951 303 3021; x_wconf 85' lang='lat' dir='ltr'><strong>imperabunt,</strong></span> <span class='ocrx_word' id='word_1_306' title='bbox 328 2950 429 3005; x_wconf 88' lang='lat' dir='ltr'><strong>deinde</strong></span> <span class='ocrx_word' id='word_1_307' title='bbox 454 2952 595 3021; x_wconf 88' lang='lat' dir='ltr'><strong>aequitate</strong></span> <span class='ocrx_word' id='word_1_308' title='bbox 618 2951 784 3022; x_wconf 69' lang='lat' dir='ltr'><strong>justitiaque</strong></span> <span class='ocrx_word' id='word_1_309' title='bbox 807 2951 977 3022; x_wconf 81' lang='lat' dir='ltr'><strong>gaudebunt,</strong></span> 
     </span>
     <span class='ocr_line' id='line_1_39' title="bbox 122 3026 978 3100; baseline 0.002 -19"><span class='ocrx_word' id='word_1_310' title='bbox 122 3029 268 3096; x_wconf 88' lang='lat' dir='ltr'><strong>omniaque</strong></span> <span class='ocrx_word' id='word_1_311' title='bbox 287 3026 359 3080; x_wconf 86' lang='lat' dir='ltr'><strong>alter</strong></span> <span class='ocrx_word' id='word_1_312' title='bbox 378 3044 428 3095; x_wconf 91' lang='lat' dir='ltr'><strong>pro</strong></span> <span class='ocrx_word' id='word_1_313' title='bbox 449 3027 536 3082; x_wconf 83' lang='lat' dir='ltr'><strong>altero</strong></span> <span class='ocrx_word' id='word_1_314' title='bbox 560 3028 698 3097; x_wconf 84' lang='lat' dir='ltr'><strong>suscipiet,</strong></span> <span class='ocrx_word' id='word_1_315' title='bbox 718 3046 808 3100; x_wconf 87' lang='lat' dir='ltr'><strong>neque</strong></span> <span class='ocrx_word' id='word_1_316' title='bbox 827 3030 978 3099; x_wconf 88' lang='lat' dir='ltr'><strong>quidquam</strong></span> 
     </span>
     <span class='ocr_line' id='line_1_40' title="bbox 121 3102 978 3174; baseline 0.004 -19"><span class='ocrx_word' id='word_1_317' title='bbox 121 3120 241 3173; x_wconf 88' lang='lat' dir='ltr'><strong>unquam</strong></span> <span class='ocrx_word' id='word_1_318' title='bbox 253 3102 306 3155; x_wconf 88' lang='lat' dir='ltr'><strong>nisi</strong></span> <span class='ocrx_word' id='word_1_319' title='bbox 315 3103 460 3157; x_wconf 86' lang='lat' dir='ltr'><strong>honestum</strong></span> <span class='ocrx_word' id='word_1_320' title='bbox 473 3107 502 3158; x_wconf 88' lang='lat' dir='ltr'><strong>et</strong></span> <span class='ocrx_word' id='word_1_321' title='bbox 517 3108 623 3159; x_wconf 87' lang='lat' dir='ltr'><strong>rectum</strong></span> <span class='ocrx_word' id='word_1_322' title='bbox 643 3105 714 3160; x_wconf 89' lang='lat' dir='ltr'><strong>alter</strong></span> <span class='ocrx_word' id='word_1_323' title='bbox 730 3106 766 3159; x_wconf 85' lang='lat' dir='ltr'><strong>ab</strong></span> <span class='ocrx_word' id='word_1_324' title='bbox 779 3106 866 3161; x_wconf 88' lang='lat' dir='ltr'><strong>altero</strong></span> <span class='ocrx_word' id='word_1_325' title='bbox 884 3109 978 3174; x_wconf 87' lang='lat' dir='ltr'><strong>postn-</strong></span> 
     </span>
     <span class='ocr_line' id='line_1_41' title="bbox 121 3177 977 3251; baseline 0.006 -20"><span class='ocrx_word' id='word_1_326' title='bbox 121 3177 197 3247; x_wconf 92' lang='lat' dir='ltr'><strong>labit,</strong></span> <span class='ocrx_word' id='word_1_327' title='bbox 209 3194 298 3247; x_wconf 87' lang='lat' dir='ltr'><strong>neque</strong></span> <span class='ocrx_word' id='word_1_328' title='bbox 314 3179 402 3232; x_wconf 89' lang='lat' dir='ltr'><strong>solum</strong></span> <span class='ocrx_word' id='word_1_329' title='bbox 416 3180 507 3235; x_wconf 92' lang='lat' dir='ltr'><strong>colent</strong></span> <span class='ocrx_word' id='word_1_330' title='bbox 522 3180 595 3236; x_wconf 88' lang='lat' dir='ltr'><strong>inter</strong></span> <span class='ocrx_word' id='word_1_331' title='bbox 604 3197 634 3236; x_wconf 85' lang='lat' dir='ltr'><strong>se</strong></span> <span class='ocrx_word' id='word_1_332' title='bbox 650 3198 682 3237; x_wconf 88' lang='lat' dir='ltr'><strong>ac</strong></span> <span class='ocrx_word' id='word_1_333' title='bbox 694 3182 813 3251; x_wconf 84' lang='lat' dir='ltr'><strong>diligent</strong></span> <span class='ocrx_word' id='word_1_334' title='bbox 826 3182 876 3237; x_wconf 83' lang='lat' dir='ltr'><strong>sed</strong></span> <span class='ocrx_word' id='word_1_335' title='bbox 894 3181 977 3237; x_wconf 85' lang='lat' dir='ltr'><strong>etiam</strong></span> 
     </span>
    </p>
   </div>
   <div class='ocr_carea' id='block_1_6' title="bbox 0 0 1130 3450">
    <p class='ocr_par' dir='ltr' id='par_1_8' title="bbox 0 0 1130 3450">
     <span class='ocr_line' id='line_1_42' title="bbox 0 0 1130 3450; baseline 0 1"><span class='ocrx_word' id='word_1_336' title='bbox 0 0 1130 3450; x_wconf 95' lang='lat' dir='ltr'><strong> </strong></span> 
     </span>
    </p>
   </div>
  </div>
 </body>
</html>
