2250 3450
360 177 617 227 nemromenu
633 175 737 226 mam
753 175 837 226 nuo
983 163 1026 228 aa·

166 262 244 320 nium
261 262 347 329 atque
364 258 510 314 universae
530 258 571 312 rei
590 255 718 326 publicae
737 271 772 310 ex
788 269 823 310 eo
842 253 912 310 seire
929 255 1017 324 potes,

168 337 244 408 quod
260 336 355 390 domos
370 337 479 388 nostras
493 337 523 388 et
537 333 679 402 patriam'
671 347 759 399 ipsam
775 331 819 386 vel
834 331 1018 401 diripiendam

168 413 213 468 rel
226 411 449 466 inflammandam
467 409 637 478 reliquimus
675 410 709 463 In
725 425 788 464 eum
804 408 893 462 locum
910 423 955 460 res
970 406 1019 460 de-

170 489 254 542 ducta
272 490 315 541 est
314 489 374 554 ,ιιι
386 485 440 539 nisi
451 502 499 555 qm
492 485 582 539 deus
593 485 637 539 vel
649 502 727 540 casus
734 484 839 614 taliquis
854 482 1019 556 subvenerit,

170 563 237 618 salvi
259 579 319 625 esse
339 578 516 631 nequeamus.
553 561 690 629 Equidem
713 564 746 615 ut
769 559 832 613 veni
853 558 890 612 ad
913 558 1018 625 urbem,

169 656 224 693 non
237 638 332 694 destiti
344 639 435 692 omnia
446 641 475 692 et
487 637 589 692 sentire
601 641 631 692 et
642 637 734 692 dicere
748 640 777 692 et
792 636 884 691 facere
898 652 969 705 quae
984 635 1019 688 ad

170 715 343 770 concordiam
354 715 543 784 pertinerent;
561 713 612 767 sed
623 713 709 767 mirus
724 714 862 767 invaserat
877 712 954 766 fruor
965 727 1020 764 non

170 791 258 845 solum
282 790 422 861 improbis,
441 789 492 844 sed
515 788 599 844 etiam
619 789 654 843 iis
678 790 724 858 qui
743 788 807 843 boni
827 788 970 856 habentur,
988 789 1021 842 ut

169 883 294 936 pugnare
312 870 452 936 cuperent,
473 882 517 920 me
538 865 673 920 clamante
692 864 760 919 nihil
779 880 839 919 esse
856 863 929 918 bello
949 863 1022 918 cirili

169 943 305 999 miserius.
341 943 442 1010 Itaque
455 958 540 1011 quum
553 942 655 996 Caesar
671 941 790 996 amentia
807 940 926 1010 quadam
944 955 1021 1010 rape-

170 1023 256 1087 retur,
270 1022 304 1073 et-
315 1018 416 1073 oblitus
434 1017 551 1072 nominis
570 1021 655 1086 atque
673 1013 806 1071 honorum
825 1033 944 1083 suorum,
958 1016 1022 1071 Ari-

171 1096 283 1161 minum,
309 1095 460 1161 Pisaurum,
487 1096 636 1161 Anconam,
662 1093 805 1149 Arretium
828 1092 1022 1162 occupavisset,

171 1171 269 1224 urbem
286 1171 464 1239 reliquimus3
472 1186 570 1238 quam
586 1169 727 1240 sapienter
743 1173 792 1223 aut
806 1185 888 1238 quam
904 1169 1021 1233 sortiter,

172 1247 240 1300 nihil
267 1248 370 1301 attinet
398 1246 540 1313 disputari
577 1246 637 1311 Quo
661 1246 804 1315 quidem'
796 1263 825 1300 ιιι
849 1262 912 1300 casu
938 1245 1023 1298 simus

171 1321 257 1377 vides
293 1313 433 1376 Feruntur
453 1322 562 1375 omnino
579 1321 749 1376 conditiones
761 1322 797 1376 ab
817 1321 871 1389 illo,
892 1323 925 1375 ut
945 1320 1023 1373 Pom-

173 1398 252 1466 peius
275 1397 369 1451 eatur
391 1397 563 1465 Hispaniam,
588 1396 678 1450 delect
666 1400 712 1450 tus
735 1398 782 1465 qui
803 1401 868 1452 sunt
885 1396 973 1450 habiti
990 1392 1021 1444 et

155 1471 312 1541 'praesidia
334 1475 429 1526 nostra
452 1471 644 1537 dimittantur;
673 1489 703 1526 se
726 1465 884 1527 ulteriorem
909 1472 1023 1526 Galliam

175 1547 304 1613 Domitio,
328 1546 484 1600 citeriorem
503 1546 638 1601 Considio
652 1546 784 1617 Noniano,
804 1548 846 1602 his
865 1549 937 1603 enim
955 1548 1025 1602 obti-

174 1626 283 1690 gerunt,
302 1621 487 1676 traditurum:
510 1623 546 1675 ad
565 1623 721 1678 consulatus
736 1625 898 1694 petitionem
915 1641 945 1679 se
960 1641 1024 1679 ven-

175 1700 284 1753 turum:
302 1715 391 1767 neque
406 1713 436 1752 se
446 1697 506 1766 jam
518 1698 588 1754 velle
603 1697 716 1755 absente
733 1716 763 1754 se
779 1700 912 1756 rationem
929 1700 1024 1755 haberi

175 1775 230 1829 sui:
245 1791 275 1827 se
287 1778 460 1843 praesentem
472 1774 576 1829 trinum
588 1775 739 1831 nundinum
751 1777 911 1846 petiturum.
940 1779 1025 1832 Acce-

175 1851 265 1919 pimus
283 1850 472 1917 oonditiones;
498 1852 548 1905 sed
569 1852 610 1906 ita
628 1857 659 1907 ut
680 1858 820 1909 removeat
835 1854 972 1923 praesidia
990 1872 1026 1909 ex

175 1925 219 1980 bis
233 1927 299 1980 loeis
311 1944 382 1996 quae
398 1928 548 1996 occupavit,
559 1931 593 1981 ut
610 1928 668 1983 sine
684 1933 760 1984 metu
772 1929 809 1983 de
824 1928 867 1983 his
881 1930 948 1999 ipsis
963 1946 1026 1985 con-

177 2002 327 2057 ditionibus
358 2004 461 2057 Romae
485 2007 597 2058 senatus
620 2004 715 2060 haberi
743 2006 845 2075 possit·
876 2006 911 2059 Id
933 2006 980 2061 ille
1002 2006 1026 2061 si

177 2079 280 2147 lecerit,
301 2095 363 2148 spes
382 2084 425 2133 est
443 2080 519 2147 pacis
534 2096 588 2134 non
605 2081 743 2150 honestae,
760 2082 836 2151 leges
852 2082 1027 2152 enim-impo-

177 2158 289 2219 nuntur,
301 2153 351 2208 sed
363 2154 472 2222 quidvis
484 2159 527 2209 est
541 2156 639 2210 melius
656 2173 737 2224 quam
750 2158 788 2211 sic
803 2173 863 2212 esse
880 2161 912 2211 ιιι
927 2175 1027 2213 sumus.

179 2230 227 2284 Sin
242 2232 334 2282 autem
350 2229 398 2282 ille
414 2229 470 2283 suis
482 2231 683 2285 conditionibus
699 2234 773 2285 stare
785 2232 913 2301 noluerit,
924 2234 1028 2288 bellum

179 2310 306 2374 paratum
329 2307 380 2370 est,
397 2304 533 2372 ejusmodi
549 2309 641 2359 tamen
661 2307 735 2376 quod
754 2308 890 2362 sustinere
906 2274 957 2363 'illo
975 2326 1029 2363 non

179 2380 462 2450 possit-praesertim
475 2396 560 2448 quum
572 2397 589 2434 a
600 2382 656 2435 suis
667 2381 761 2437 condit
762 2382 890 2436 ionibus'
882 2400 942 2452 ipse
954 2384 1031 2453 fuge-

180 2454 442 2510 rit-tantummodo
459 2461 492 2509 ιιι
510 2472 575 2511 eum
593 2457 809 2513 intercludamus
825 2448 861 2513 ne
880 2459 916 2513 ad
933 2460 1030 2515 urbem

180 2530 267 2619 possit
279 2531 424 2597 accedam
439 2532 514 2600 quod
526 2532 703 2601 sperabamus
715 2535 775 2589 fieri
787 2550 874 2605 posse.
900 2537 1032 2593 Delectus

181 2605 254 2660 enim
265 2622 378 2673 magnos
390 2606 573 2662 habebamus
567 2610 807 2683 ‚putabamusque
819 2613 895 2668 illum
908 2619 1032 2670 metuere

182 2682 220 2735 si
226 2681 263 2735 ad
282 2682 407 2736 urbem
399 2699 441 2737 ire
459 2684 595 2753 coepisset
616 2702 651 2739 ne
671 2687 774 2741 Gallias
795 2689 944 2759 amitteret,
964 2708 1033 2760 quas

139 2795 145 2806 ,
181 2746 276 2811 ambas
295 2758 733 2831 habet'1nimicissimas,praeter
752 2762 975 2833 Transpadanos:
999 2784 1033 2821 ex

183 2833 373 2922 Hispaniaque
391 2852 439 2890 sex
454 2836 577 2905 legiones
594 2841 623 2892 et
639 2854 738 2907 magna
755 2839 856 2893 auxilia
874 2840 1034 2895 Airamo
1005 2845 1034 2895 e

182 2910 235 2964 Pet
223 2910 294 2964 treio
309 2910 425 2965 ducibus
442 2912 527 2968 habet
542 2930 559 2968 a
575 2918 662 2983 tergo.
697 2914 813 2971 Videbit
801 2920 854 2983 tur,
871 2915 894 2970 si
908 2916 1034 2984 insaniet,

181 3002 262 3055 posse
280 2988 413 3057 opprimi;
430 2989 512 3043 modo
527 2993 560 3043 ut
573 2992 642 3045 urbe
659 2993 757 3047 salva·
775 2992 1035 3057 Maximamautem

181 3062 292 3130 plagam
310 3066 423 3135 accepit,
443 3066 519 3134 quod
535 3066 559 3119 is
579 3068 626 3136 qui
642 3084 775 3123 summam
797 3070 990 3123 auctoritatem
1007 3069 1036 3121 in

182 3137 256 3191 illius
272 3142 395 3196 exercitu
410 3141 532 3196 habebat
548 3142 578 3196 Τ.
594 3142 731 3197 Labienus
744 3145 832 3199 socius
849 3142 959 3198 sceleris
977 3158 1037 3197 esse

182 3214 271 3272 noluit
280 3236 289 3283 3
305 3217 420 3288 reliquit
435 3218 514 3273 illum
530 3220 560 3274 et
574 3218 716 3275 nobiseum
732 3221 791 3276 est:
808 3219 944 3289 multique
962 3218 1036 3272 idem
