2250 3450
118 181 150 228 80
344 172 384 222 Μ.
401 171 530 221 TULLII
547 171 739 244 CICERONIS

117 277 200 332 quam
211 275 266 328 quo
276 255 409 310 haberem
421 252 489 323 quid
506 250 672 306 scriberem..
700 251 791 320 Igitur
806 253 867 308 illa:
885 261 969 324 quanss

117 341 177 392 tum
195 352 240 388 me
259 333 357 401 diligis,
373 334 482 385 tantum
504 328 604 382 adhibe
623 330 651 382 in
671 333 699 383 te
719 328 884 397 diligentiae.
922 332 970 385 Ad

117 417 167 468 tua
177 408 385 466 innumerabilia
396 409 425 460 in
437 423 482 459 me
495 407 582 460 officia
595 406 666 459 adde
679 406 730 460 hoc
743 405 817 474 quod
833 407 901 460 mihi
916 410 970 463 erit

116 488 304 559 gratissimum
323 486 450 540 omnium.
493 486 583 551 Quum
604 483 769 537 valetudinis
785 484 925 551 rationem,
938 489 971 539 ut

118 583 205 636 spero,
217 565 352 631 habueris,
366 562 468 618 habeto
481 566 565 619 etiam
582 565 770 634 navigationis.
808 562 842 614 ln
860 562 970 617 Italiam

119 642 246 697 euntibus
265 642 391 697 omnibus
413 642 449 697 ad
468 660 513 698 me
531 643 628 697 literas
646 643 734 712 dabis,
745 647 777 697 ut
794 661 844 712 ego
859 645 971 697 cuntem

120 721 217 774 Patras
229 721 364 774 neminem
378 722 578 789 praetermitto.
618 721 697 790 Cura,
711 739 777 775 cura
789 725 825 787 te,
839 721 877 774 mi
894 720 971 772 Tiro:

119 797 246 865 quoniam
260 814 313 850 non
325 797 441 864 contigit
452 800 485 849 ut
498 797 578 850 simul
591 797 740 865 navigares,
754 798 822 850 nihil
840 801 882 851 e'st
898 797 972 864 quod
1051 792 1069 812 ⁴

118 871 247 938 1011111001
273 889 324 926 nec
348 871 498 941 quidquam
518 890 597 926 cures
617 873 669 926 nisi
693 877 725 927 ut
745 862 844 927 valeas.
881 872 972 925 Etiam

119 950 203 1015 atque
215 948 298 1001 ctiam
310 948 377 1002 vale.
407 963 456 1002 vn.
472 948 540 1000 Idus
552 949 578 1000 N
580 949 698 1002 ovembr.
712 949 801 1018 Actio,
813 948 927 1018 vesperi.

171 1077 209 1128 17.
243 1077 403 1127 TULLIUS
417 1078 464 1126 ET
482 1078 611 1127 CICERO
628 1079 653 1127 S.
672 1079 706 1128 D.
724 1078 852 1127 TIRONI
869 1077 945 1128 SUO.

380 1177 482 1241 (1117.
517 1191 543 1226 1.
557 1190 582 1228 u.
596 1189 618 1225 0.
638 1175 703 1238 704.)

120 1266 273 1340 Septimum
298 1264 359 1334 jam
389 1266 463 1320 diem
487 1266 622 1336 Corcyrae
650 1265 817 1320 tenebamur.
856 1264 974 1329 Quintus

120 1346 212 1396 autem
226 1345 307 1411 pater
323 1345 352 1396 01
364 1342 436 1395 lilius
451 1342 590 1396 Buthroti.
629 1341 742 1396 Solliciti
757 1357 866 1394 eramus
878 1341 913 1394 de
925 1344 975 1394 tua

120 1419 276 1473 valetudine
297 1418 398 1471 mirum
419 1418 589 1484 immodum,
610 1435 662 1472 nec
681 1416 850 1470 mirabamur
870 1417 936 1470 1111111
957 1435 974 1470 0

120 1499 150 1548 10
167 1495 316 1548 literarum.
355 1495 395 1547 lis
415 1495 488 1548 enirn
509 1496 599 1549 ventis
620 1495 700 1548 istinc
719 1494 864 1561 navigatur
882 1494 929 1563 qui
951 1495 974 1547 si

121 1573 219 1636 essent,
234 1587 283 1634 nos
296 1569 431 1635 Corcyrae
445 1588 499 1624 non
512 1572 677 1625 sederemus.
716 1570 788 1624 Oura
800 1570 887 1638 igitur
902 1573 930 1624 te
945 1574 974 1623 et

121 1649 263 1702 confirma:
285 1650 315 1701 01
330 1663 415 1716 quum
426 1648 568 1702 commode
580 1651 610 1702 et
621 1664 672 1716 per
683 1647 869 1722 valetudinem
884 1650 913 1702 01
924 1665 975 1716 per

120 1726 184 1779 anni
207 1738 317 1794 tempus
342 1725 471 1792 navigare
497 1724 609 1793 poteris,
634 1722 671 1777 ad
697 1742 747 1779 nos
775 1725 975 1779 amantissimos

121 1803 163 1856 tui
180 1802 249 1856 veni.
284 1802 441 1854 Nemenos
459 1804 533 1855 011101
551 1802 598 1872 qui
618 1804 648 1856 10
671 1819 725 1855 non
744 1803 851 1871 diligat.
887 1802 975 1855 Carus

122 1878 249 1931 omnibus
267 1880 483 1945 expectatusque
504 1878 604 1931 venies.
642 1877 716 1931 Cura
734 1882 766 1931 ut
782 1878 875 1932 valeas
891 1878 975 1931 etiam

122 1957 206 2022 atque
219 1954 310 2020 etiam,
322 1951 386 2005 'liro
398 1954 499 2006 noster.
531 1952 607 2005 Vale.
638 1958 683 2007 xvh
697 1953 815 2007 Kalend.
828 1952 973 2009 Decembr.

125 2029 249 2098 Corcyra

288 2127 328 2175 18.
350 2124 490 2173 'CICERO
506 2124 536 2173 F.
555 2124 683 2173 TIRONI
701 2126 769 2176 SUO
786 2126 812 2175 S.

381 2214 498 2277 (xv1.25.
533 2229 560 2265 1.
574 2228 598 2263 u,
612 2229 635 2263 0.
653 2217 742 2276 71011

124 2297 184 2352 Etsi
194 2297 274 2367 justa
285 2299 315 2349 st
330 2295 429 2349 idonea
442 2312 509 2348 usus
527 2313 557 2350 es
575 2296 749 2351 excusatione
765 2298 977 2353 intermissionis

123 2370 264 2427 literarum
276 2376 395 2439 tuarum,
401 2375 494 2425 tamen
505 2371 535 2424 id
546 2388 582 2425 ne
594 2372 703 2441 saepius
714 2371 797 2425 iacias
806 2390 878 2441 rogo.
904 2375 929 2427 N
931 2390 976 2427 0111

123 2448 176 2503 etsi
188 2448 266 2502 dere
277 2446 388 2515 publica
397 2447 553 2501 rumoribus
565 2450 595 2501 01
606 2446 710 2501 nuntiis
726 2447 827 2501 certior
843 2448 885 2514 fio,
899 2452 927 2502 et
939 2448 975 2501 de

125 2542 174 2578 sua
192 2524 221 2577 in
241 2539 287 2578 me
306 2523 448 2577 voluntate
466 2540 576 2592 semper
595 2524 631 2577 ad
655 2539 699 2576 me
722 2522 869 2592 perscribit
888 2527 977 2593 pater,

123 2604 217 2655 tamen
233 2599 271 2653 de
286 2600 384 2669 quavis
399 2599 512 2653 minima
528 2616 560 2653 re
572 2601 675 2669 scripta
687 2616 703 2653 a
715 2603 744 2655 10
756 2600 793 2653 ad
803 2618 848 2655 1110
861 2599 979 2669 epistola

124 2692 234 2743 semper
255 2676 310 2728 fuit
330 2675 492 2741 gratissima
530 2675 621 2739 Quare
645 2693 729 2745 quum
750 2678 779 2730 in
799 2676 896 2745 primis
914 2680 978 2730 tuas

126 2751 280 2804 desiderem
293 2751 395 2816 literas,
405 2750 460 2802 noli
472 2751 644 2805 committere
656 2755 688 2805 ut
699 2753 873 2805 excusatione
884 2752 977 2819 potius

125 2827 236 2895 expleas
248 2825 365 2879 officium
378 2824 515 2878 scribendi
527 2841 611 2895 quam
619 2826 783 2881 assiduitate
792 2826 980 2897 epistolarum.

127 2902 201 2955 Vale.

354 2979 394 3025 19.
420 2977 550 3026 CICERO
568 2978 701 3028 SERVIO
720 2978 747 3030 S.

389 3067 512 3125 (111120.
546 3078 572 3113 1.
585 3078 610 3116 u.
624 3079 645 3116 o.
666 3066 732 3127 708.)

129 3142 285 3212 Asclapone
305 3143 431 3198 Patrensi
452 3143 558 3198 medico
577 3148 642 3198 utor
661 3145 841 3213 familiariter,
862 3145 981 3217 ejusque

129 3233 213 3285 quum
231 3218 399 3271 consuetudo
418 3218 486 3272 mihi
504 3217 631 3288 jucunda
651 3220 714 3288 fuit,
734 3224 794 3274 tum
817 3237 862 3274 ars
885 3222 981 3295 etiarn,
