2250 3450
292 171 534 220 sarcinatos.
569 158 648 219 cnr.
667 169 763 226 xxii.
783 170 895 220 xxrn.
988 175 1020 226 ιι

172 253 237 320 sint,
267 269 352 322 quum
381 268 411 306 se
439 252 520 320 plane
548 250 670 320 eorporis
692 250 807 305 vinculis
830 250 1022 308 relaxaverint.

175 328 274 395 Quare,
292 329 314 382 si
332 328 399 382 haec
416 328 456 381 Ita
472 330 543 394 sunt,
561 327 600 380 sic
617 343 662 381 me
673 327 785 386 colitote
800 330 832 382 ut
847 327 938 384 deum.
974 329 1022 384 Sin

173 421 228 458 una
251 407 294 458 est
317 404 479 457 interiturus
503 403 695 457 animuscum
718 420 837 472 corpore,
859 422 907 459 vos
929 410 1022 461 tamen

174 479 241 534 deos
255 482 390 545 verentes,
403 478 450 547 qui
459 479 529 532 hanc
544 495 652 533 omnem
664 479 897 548 pulchritudinem
909 485 1025 536 tuentur

173 560 202 609 ot
226 559 334 624 regunt,
357 555 517 609 memoriam
540 555 628 610 nostri
651 557 697 624 pie
725 555 909 627 inviolateque
933 575 1023 612 serva-

173 630 260 686 bitis.'’

225 708 340 762 XXIII.
376 713 416 762 82.
435 708 522 778 Cyrus
538 708 651 778 quidem
667 709 735 764 haec
754 710 880 765 moriens.
915 711 981 780 Nos,
1000 712 1023 768 si

172 783 269 852 placet,
286 787 381 837 nostra
400 785 548 838 videamus.
585 785 674 838 Nemo
691 802 812 855 unquam
829 787 904 851 mihi,
926 787 1023 856 Scipio,

171 860 349 927 persuadebit
368 863 417 913 aut
436 863 544 928 patrem
563 864 642 914 tuum
658 860 790 926 Paullum,
809 861 944 921 autduos
958 880 1023 917 avos

173 935 298 990 Paullum
306 939 335 989 ct
343 935 509 1004 Africanum,
519 936 697 990 autAlricani
705 940 819 1005 patrem,
829 941 878 992 aut
887 942 1022 1007 patruum,

172 1015 220 1065 aut
239 1013 339 1066 multos
357 1016 529 1080 praestantes
547 1012 621 1066 siros
640 1028 709 1081 quos
727 1029 888 1068 enumerare
907 1031 961 1067 non
979 1018 1022 1069 est

171 1103 289 1157 necesse,
301 1091 380 1142 tanta
398 1105 458 1143 esse
476 1092 587 1143 conatos
605 1106 676 1158 quae
691 1089 728 1142 ad
739 1090 909 1158 posteritatis
922 1107 1020 1144 memo·

171 1162 240 1217 riam
251 1165 431 1233 pertinerent,
450 1166 503 1218 nisi
519 1167 609 1218 animo
621 1169 766 1219 cernerent
777 1166 969 1234 posteritatem
985 1167 1022 1220 ad

171 1256 201 1293 se
220 1242 367 1309 pertinere.
402 1244 448 1295 An
469 1258 571 1307 censes,
588 1244 621 1294 ut
637 1241 673 1294 de
684 1258 730 1294 me
747 1241 807 1309 ipso
826 1241 930 1310 aliquid
945 1258 1021 1296 more

171 1331 265 1368 senum
277 1318 387 1385 glorier,
404 1333 450 1371 me
467 1321 560 1370 tantos
574 1316 682 1369 labores
695 1316 807 1370 diurnos
819 1319 1021 1385 nocturnosque

171 1389 245 1444 domi
258 1392 429 1461 militiaeque
447 1395 638 1460 suscepturum
655 1391 747 1458 luisse,
766 1392 789 1444 si
806 1392 903 1445 iisdem
921 1391 1021 1447 finibus

170 1466 285 1532 gloriam
313 1484 402 1521 meam
437 1467 536 1535 quibus
566 1467 651 1519 vitam
683 1483 772 1520 essem
805 1468 1021 1523 terminaturus?

170 1541 268 1596 Nonne
279 1542 377 1596 melius
389 1543 476 1596 multo
488 1542 586 1596 luisset
598 1542 713 1596 otiosam
725 1547 845 1597 aetatem
858 1546 887 1596 et
899 1542 1020 1610 quietam

158 1617 229 1670 'sine
247 1618 301 1671 ullo
319 1619 413 1672 labore
431 1622 460 1672 et
477 1618 652 1672 contentione
664 1619 826 1673 traduceret
862 1618 919 1672 Sed
929 1620 1020 1674 nescio
1059 1682 1060 1685 Ἴ

170 1694 306 1763 quomodo
330 1696 435 1750 animus
459 1695 567 1763 erigens
591 1711 620 1750 se
639 1695 828 1765 posteritatem
851 1694 892 1749 ita
913 1711 1020 1764 semper

168 1771 352 1839 prospiciebat
364 1773 442 1842 quasi
455 1789 539 1841 quum
551 1773 714 1826 excessisset
727 1789 743 1825 e
754 1772 813 1826 vita
823 1766 884 1826 tum
897 1772 1019 1861 denique

168 1847 289 1901 victurus
301 1852 381 1903 esset
418 1848 497 1914 Quod
510 1849 660 1917 quidem
634 1865 661 1901 m
674 1849 714 1901 ita
726 1865 756 1901 se
766 1848 881 1901 haberet
893 1851 924 1901 ut
935 1848 1019 1901 animi

168 1923 335 1999 immortales
344 1929 443 1994 essent,
450 1926 525 1979 haud
535 1926 632 1995 optimi
641 1924 888 1994 cujusqueanimus
901 1924 1020 1977 maxime

168 1997 229 2053 ad'
221 1991 332 2055 immort
320 2003 456 2056 talitatem
477 2002 581 2069 gloriae
601 2002 744 2055 niteretur
780 2004 823 2055 83.
843 1999 923 2066 Quid,
942 1997 1017 2068 quod

168 2077 381 2144 sapientissimus
394 2080 509 2148 quisque
527 2078 690 2146 aequissimo
708 2076 798 2129 animo
813 2076 938 2138 moritur,
951 2075 1019 2128 sul

168 2152 289 2207 tissimus
309 2154 495 2223 iniquissimol
532 2153 634 2206 Nonne.
648 2152 726 2206 robis
745 2151 822 2205 videt
810 2155 856 2205 tur
871 2150 977 2203 animus
994 2151 1018 2205 is

168 2228 215 2296 qui
231 2229 292 2297 plus
308 2234 403 2283 cernat
421 2232 451 2283 et
469 2228 576 2297 longius
593 2229 687 2282 videro
706 2244 736 2281 se
753 2226 790 2284 ad
808 2226 921 2279 meliora
936 2224 1018 2293 profi-

168 2304 245 2369 cisci;
265 2305 312 2358 ille
331 2307 423 2358 autem
443 2304 521 2372 cujus
542 2304 664 2357 obtusior
684 2304 721 2357 sit
739 2302 812 2355 acies
830 2318 885 2354 non
903 2301 1017 2355 videret

167 2378 303 2447 Equidem
326 2380 425 2433 efferor
449 2378 540 2432 studio
564 2383 657 2447 patres
680 2381 786 2432 vestros
808 2393 876 2446 quos
898 2376 967 2430 colui
988 2381 1017 2431 et

168 2454 252 2507 dilexi
271 2455 397 2519 videndi;
414 2470 503 2522 neque
524 2470 590 2506 vero
610 2470 657 2507 eos
676 2453 763 2507 solnm
783 2452 928 2506 convenire
949 2469 1017 2506 aveo

168 2546 237 2597 quos
256 2530 315 2597 ipse
333 2529 453 2597 cognovi,
472 2528 523 2596 sed
540 2528 601 2583 illos
618 2529 702 2582 ctiam
714 2528 749 2581 de
763 2526 862 2596 quibus
878 2527 970 2580 anolini
988 2532 1017 2582 et

168 2604 222 2673 legi
234 2607 332 2674 etipse
344 2605 498 2674 conscripsi.
536 2605 596 2669 Quo
614 2605 725 2673 quidem
743 2620 788 2679 me
799 2602 1017 2672 proficiscentem

167 2680 242 2735 haud
254 2698 319 2736 sane
331 2682 392 2751 quis
402 2681 480 2735 facilc
492 2681 647 2748 retraxerit,
658 2696 748 2749 neque
759 2679 900 2748 tamquam
914 2680 1018 2735 Peliam

168 2758 311 2813 recoxcrit.
347 2757 427 2823 Quod
445 2757 467 2811 si
487 2757 549 2826 quis
566 2757 633 2819 deus
648 2756 715 2809 mihi
726 2755 860 2824 largiatur
871 2760 903 2810 ut
916 2773 951 2809 ex
966 2756 1018 2812 hac

168 2837 259 2889 aetate
271 2846 460 2903 repuerascam
478 2836 507 2887 et
523 2834 552 2887 in
570 2833 646 2886 cunis
657 2832 773 2901 vagiam,
785 2832 864 2885 valde
877 2849 1017 2899 recusem3

168 2926 218 2963 uec
229 2927 293 2965 vero
305 2910 385 2964 velim
399 2912 475 2980 quasi
494 2910 610 2963 decurso
626 2910 716 2978 spatio
731 2909 767 2961 ud
779 2925 902 2962 carceres
914 2926 931 2962 a
944 2910 1017 2963 calce

168 2983 295 3071 rovocari.
330 2992 372 3041 84.
398 2986 470 3051 Quid
491 2986 564 3039 enim
587 2985 671 3038 habet
694 2986 751 3039 vita
771 2984 923 3037 commodi?
949 2983 1017 3051 quid

169 3059 222 3116 iron
245 3066 293 3132 pot
294 3062 336 3121 ius
358 3062 475 3121 laliorisl
521 3061 576 3115 Sed
599 3061 700 3115 habeat
723 3077 801 3114 sane·
830 3060 917 3113 habet
940 3061 1017 3110 certe

169 3129 260 3193 tamen
283 3142 332 3193 aut
355 3136 511 3193 satietatem
534 3136 822 3191 autmodun1.llon
846 3136 924 3188 lubet
944 3132 1017 3185 enim

167 3216 235 3270 mihi
258 3215 402 3285 deplorare
425 3215 517 3283 vitam,
541 3213 617 3283 quod
639 3212 720 3267 multi
742 3211 802 3265 et
794 3211 815 3263 ri
835 3209 909 3262 docti
934 3220 1017 3273 saepo
