<?xml version="1.0" encoding="UTF-8"?>
<!DOCTYPE html PUBLIC "-//W3C//DTD XHTML 1.0 Transitional//EN"
    "http://www.w3.org/TR/xhtml1/DTD/xhtml1-transitional.dtd">
<html xmlns="http://www.w3.org/1999/xhtml" xml:lang="en" lang="en">
 <head>
  <title>
</title>
<meta http-equiv="Content-Type" content="text/html;charset=utf-8" />
  <meta name='ocr-system' content='tesseract 3.04.00' />
  <meta name='ocr-capabilities' content='ocr_page ocr_carea ocr_par ocr_line ocrx_word'/>
</head>
<body>
  <div class='ocr_page' id='page_1' title='image "./catomajorsivede02cicegoog_0044.png"; bbox 0 0 2250 3450; ppageno 0'>
   <div class='ocr_carea' id='block_1_1' title="bbox 95 125 714 180">
    <p class='ocr_par' dir='ltr' id='par_1_1' title="bbox 95 125 714 180">
     <span class='ocr_line' id='line_1_1' title="bbox 95 125 714 180; baseline 0 -4"><span class='ocrx_word' id='word_1_1' title='bbox 95 129 126 176; x_wconf 81' lang='grc'><strong>38</strong></span> <span class='ocrx_word' id='word_1_2' title='bbox 319 126 358 177; x_wconf 86' lang='grc' dir='ltr'><strong>Μ.</strong></span> <span class='ocrx_word' id='word_1_3' title='bbox 375 125 503 176; x_wconf 81' lang='lat' dir='ltr'>TULLII</span> <span class='ocrx_word' id='word_1_4' title='bbox 523 125 714 180; x_wconf 76' lang='lat' dir='ltr'>CICERONIS</span> 
     </span>
    </p>
   </div>
   <div class='ocr_carea' id='block_1_2' title="bbox 93 203 943 581">
    <p class='ocr_par' dir='ltr' id='par_1_2' title="bbox 93 203 943 581">
     <span class='ocr_line' id='line_1_2' title="bbox 93 203 940 296; baseline 0.002 -36"><span class='ocrx_word' id='word_1_5' title='bbox 93 220 149 295; x_wconf 68' lang='lat' dir='ltr'><strong>npn</strong></span> <span class='ocrx_word' id='word_1_6' title='bbox 159 206 267 296; x_wconf 81' lang='lat' dir='ltr'><strong>potest:</strong></span> <span class='ocrx_word' id='word_1_7' title='bbox 283 203 391 295; x_wconf 81' lang='lat' dir='ltr'><strong>deinde,</strong></span> <span class='ocrx_word' id='word_1_8' title='bbox 400 222 485 276; x_wconf 90' lang='lat' dir='ltr'><strong>quum</strong></span> <span class='ocrx_word' id='word_1_9' title='bbox 497 205 593 262; x_wconf 86' lang='lat' dir='ltr'><strong>similis</strong></span> <span class='ocrx_word' id='word_1_10' title='bbox 604 222 700 262; x_wconf 86' lang='lat' dir='ltr'><strong>sensns</strong></span> <span class='ocrx_word' id='word_1_11' title='bbox 712 207 821 262; x_wconf 87' lang='lat' dir='ltr'><strong>exstitit</strong></span> <span class='ocrx_word' id='word_1_12' title='bbox 831 209 940 277; x_wconf 90' lang='lat' dir='ltr'><strong>amoris,</strong></span> 
     </span>
     <span class='ocr_line' id='line_1_3' title="bbox 93 280 942 434; baseline 0.001 -21"><span class='ocrx_word' id='word_1_13' title='bbox 93 280 455 434; x_wconf 58' lang='lat' dir='ltr'><strong>affidari</strong></span> <span class='ocrx_word' id='word_1_14' title='bbox 463 299 552 427; x_wconf 61' lang='lat' dir='ltr'><strong>llas·</strong></span> <span class='ocrx_word' id='word_1_15' title='bbox 562 282 780 427; x_wconf 66' lang='lat' dir='ltr'><strong>mallit</strong></span> <span class='ocrx_word' id='word_1_16' title='bbox 794 286 942 427; x_wconf 63' lang='lat' dir='ltr'><strong>ttrite</strong></span> 
     </span>
     <span class='ocr_line' id='line_1_4' title="bbox 93 433 942 501; baseline 0.002 -14"><span class='ocrx_word' id='word_1_17' title='bbox 93 436 123 487; x_wconf 88' lang='lat' dir='ltr'><strong>et</strong></span> <span class='ocrx_word' id='word_1_18' title='bbox 143 433 255 487; x_wconf 87' lang='lat' dir='ltr'><strong>vlrtutis</strong></span> <span class='ocrx_word' id='word_1_19' title='bbox 273 434 428 501; x_wconf 79' lang='lat' dir='ltr'><strong>perspicere</strong></span> <span class='ocrx_word' id='word_1_20' title='bbox 448 433 598 487; x_wconf 88' lang='lat' dir='ltr'><strong>videamur.</strong></span> <span class='ocrx_word' id='word_1_21' title='bbox 640 439 682 489; x_wconf 80' lang='lat'><strong>28.</strong></span> <span class='ocrx_word' id='word_1_22' title='bbox 711 435 787 488; x_wconf 87' lang='lat' dir='ltr'><strong>Nihil</strong></span> <span class='ocrx_word' id='word_1_23' title='bbox 808 439 851 489; x_wconf 89' lang='lat' dir='ltr'><strong>est</strong></span> <span class='ocrx_word' id='word_1_24' title='bbox 870 437 942 490; x_wconf 90' lang='lat' dir='ltr'><strong>enim</strong></span> 
     </span>
     <span class='ocr_line' id='line_1_5' title="bbox 93 508 943 581; baseline 0.005 -19"><span class='ocrx_word' id='word_1_25' title='bbox 93 508 237 562; x_wconf 76' lang='lat' dir='ltr'><strong>amabilius</strong></span> <span class='ocrx_word' id='word_1_26' title='bbox 249 509 351 562; x_wconf 85' lang='lat' dir='ltr'><strong>virtute</strong></span> <span class='ocrx_word' id='word_1_27' title='bbox 359 528 366 573; x_wconf 90' lang='lat'>;</span> <span class='ocrx_word' id='word_1_28' title='bbox 382 508 450 561; x_wconf 89' lang='lat' dir='ltr'><strong>nihil</strong></span> <span class='ocrx_word' id='word_1_29' title='bbox 466 508 541 578; x_wconf 90' lang='lat' dir='ltr'><strong>quod</strong></span> <span class='ocrx_word' id='word_1_30' title='bbox 559 509 648 578; x_wconf 84' lang='lat' dir='ltr'><strong>magis</strong></span> <span class='ocrx_word' id='word_1_31' title='bbox 662 509 764 564; x_wconf 91' lang='lat' dir='ltr'><strong>alliciat</strong></span> <span class='ocrx_word' id='word_1_32' title='bbox 775 511 812 565; x_wconf 90' lang='lat' dir='ltr'><strong>ad</strong></span> <span class='ocrx_word' id='word_1_33' title='bbox 830 512 943 581; x_wconf 84' lang='lat' dir='ltr'><strong>diligen·</strong></span> 
     </span>
    </p>
   </div>
   <div class='ocr_carea' id='block_1_3' title="bbox 94 583 1005 3231">
    <p class='ocr_par' dir='ltr' id='par_1_3' title="bbox 94 583 945 1333">
     <span class='ocr_line' id='line_1_6' title="bbox 94 583 944 658; baseline 0.009 -21"><span class='ocrx_word' id='word_1_34' title='bbox 94 583 173 638; x_wconf 91' lang='lat' dir='ltr'><strong>dum:</strong></span> <span class='ocrx_word' id='word_1_35' title='bbox 201 585 302 653; x_wconf 84' lang='lat' dir='ltr'><strong>quippe</strong></span> <span class='ocrx_word' id='word_1_36' title='bbox 324 602 409 654; x_wconf 88' lang='lat' dir='ltr'><strong>quum</strong></span> <span class='ocrx_word' id='word_1_37' title='bbox 430 591 545 657; x_wconf 88' lang='lat' dir='ltr'><strong>propter</strong></span> <span class='ocrx_word' id='word_1_38' title='bbox 566 588 698 643; x_wconf 83' lang='lat' dir='ltr'><strong>virtutem</strong></span> <span class='ocrx_word' id='word_1_39' title='bbox 720 594 749 644; x_wconf 90' lang='lat' dir='ltr'><strong>et</strong></span> <span class='ocrx_word' id='word_1_40' title='bbox 779 590 944 658; x_wconf 80' lang='lat' dir='ltr'><strong>probitatem</strong></span> 
     </span>
     <span class='ocr_line' id='line_1_7' title="bbox 94 659 944 734; baseline 0.009 -22"><span class='ocrx_word' id='word_1_41' title='bbox 94 659 179 713; x_wconf 84' lang='lat' dir='ltr'><strong>ctiam</strong></span> <span class='ocrx_word' id='word_1_42' title='bbox 192 675 238 714; x_wconf 86' lang='lat' dir='ltr'><strong>eos</strong></span> <span class='ocrx_word' id='word_1_43' title='bbox 251 677 319 729; x_wconf 91' lang='lat' dir='ltr'><strong>quos</strong></span> <span class='ocrx_word' id='word_1_44' title='bbox 338 677 477 731; x_wconf 86' lang='lat' dir='ltr'><strong>nunquam</strong></span> <span class='ocrx_word' id='word_1_45' title='bbox 490 664 607 716; x_wconf 85' lang='lat' dir='ltr'><strong>vidimus</strong></span> <span class='ocrx_word' id='word_1_46' title='bbox 619 664 738 734; x_wconf 88' lang='lat' dir='ltr'><strong>quodam</strong></span> <span class='ocrx_word' id='word_1_47' title='bbox 756 666 838 719; x_wconf 92' lang='lat' dir='ltr'><strong>modo</strong></span> <span class='ocrx_word' id='word_1_48' title='bbox 850 667 944 734; x_wconf 69' lang='lat' dir='ltr'><strong>ciliga</strong></span> 
     </span>
     <span class='ocr_line' id='line_1_8' title="bbox 94 735 945 805; baseline 0.009 -18"><span class='ocrx_word' id='word_1_49' title='bbox 94 750 161 788; x_wconf 87' lang='lat' dir='ltr'><strong>mus.</strong></span> <span class='ocrx_word' id='word_1_50' title='bbox 185 735 253 799; x_wconf 87' lang='lat' dir='ltr'><strong>Quis</strong></span> <span class='ocrx_word' id='word_1_51' title='bbox 265 739 308 789; x_wconf 86' lang='lat' dir='ltr'><strong>ost</strong></span> <span class='ocrx_word' id='word_1_52' title='bbox 320 737 365 804; x_wconf 91' lang='lat' dir='ltr'><strong>qni</strong></span> <span class='ocrx_word' id='word_1_53' title='bbox 380 737 409 790; x_wconf 82' lang='lat'><strong>0.</strong></span> <span class='ocrx_word' id='word_1_54' title='bbox 419 737 546 805; x_wconf 84' lang='lat' dir='ltr'><strong>Fabricii,</strong></span> <span class='ocrx_word' id='word_1_55' title='bbox 555 740 601 792; x_wconf 90' lang='grc' dir='ltr'><strong>Μ’.</strong></span> <span class='ocrx_word' id='word_1_56' title='bbox 610 740 685 793; x_wconf 82' lang='lat' dir='ltr'><strong>Curii</strong></span> <span class='ocrx_word' id='word_1_57' title='bbox 694 757 749 793; x_wconf 93' lang='lat' dir='ltr'><strong>non</strong></span> <span class='ocrx_word' id='word_1_58' title='bbox 757 757 819 794; x_wconf 90' lang='lat' dir='ltr'><strong>oum</strong></span> <span class='ocrx_word' id='word_1_59' title='bbox 828 743 945 795; x_wconf 86' lang='lat' dir='ltr'><strong>caritate</strong></span> 
     </span>
     <span class='ocr_line' id='line_1_9' title="bbox 95 809 944 881; baseline 0.004 -18"><span class='ocrx_word' id='word_1_60' title='bbox 95 809 187 878; x_wconf 88' lang='lat' dir='ltr'><strong>aliqua</strong></span> <span class='ocrx_word' id='word_1_61' title='bbox 209 813 238 864; x_wconf 88' lang='lat' dir='ltr'><strong>et</strong></span> <span class='ocrx_word' id='word_1_62' title='bbox 256 809 445 864; x_wconf 85' lang='lat' dir='ltr'><strong>benevolentia</strong></span> <span class='ocrx_word' id='word_1_63' title='bbox 463 812 622 864; x_wconf 84' lang='lat' dir='ltr'><strong>memoriam</strong></span> <span class='ocrx_word' id='word_1_64' title='bbox 644 814 766 880; x_wconf 86' lang='lat' dir='ltr'><strong>usurpet,</strong></span> <span class='ocrx_word' id='word_1_65' title='bbox 787 828 855 881; x_wconf 89' lang='lat' dir='ltr'><strong>quos</strong></span> <span class='ocrx_word' id='word_1_66' title='bbox 877 829 944 865; x_wconf 86' lang='lat' dir='ltr'><strong>nun·</strong></span> 
     </span>
     <span class='ocr_line' id='line_1_10' title="bbox 96 885 944 956; baseline 0.004 -18"><span class='ocrx_word' id='word_1_67' title='bbox 96 902 177 953; x_wconf 88' lang='lat' dir='ltr'><strong>quam</strong></span> <span class='ocrx_word' id='word_1_68' title='bbox 190 886 310 940; x_wconf 81' lang='lat' dir='ltr'><strong>videritl</strong></span> <span class='ocrx_word' id='word_1_69' title='bbox 345 885 412 950; x_wconf 82' lang='lat' dir='ltr'><strong>Quis</strong></span> <span class='ocrx_word' id='word_1_70' title='bbox 424 889 516 939; x_wconf 87' lang='lat' dir='ltr'><strong>autem</strong></span> <span class='ocrx_word' id='word_1_71' title='bbox 533 886 636 954; x_wconf 86' lang='lat' dir='ltr'><strong>estqui</strong></span> <span class='ocrx_word' id='word_1_72' title='bbox 653 887 829 955; x_wconf 79' lang='lat' dir='ltr'><strong>Tarquinium</strong></span> <span class='ocrx_word' id='word_1_73' title='bbox 846 887 944 956; x_wconf 81' lang='lat' dir='ltr'><strong>Super-</strong></span> 
     </span>
     <span class='ocr_line' id='line_1_11' title="bbox 96 961 944 1030; baseline 0.001 -15"><span class='ocrx_word' id='word_1_74' title='bbox 96 961 168 1029; x_wconf 89' lang='lat' dir='ltr'><strong>bum,</strong></span> <span class='ocrx_word' id='word_1_75' title='bbox 181 963 228 1030; x_wconf 90' lang='lat' dir='ltr'><strong>qni</strong></span> <span class='ocrx_word' id='word_1_76' title='bbox 241 961 284 1030; x_wconf 80' lang='lat' dir='ltr'><strong>Sp.</strong></span> <span class='ocrx_word' id='word_1_77' title='bbox 303 961 433 1028; x_wconf 80' lang='lat' dir='ltr'><strong>Gessium,</strong></span> <span class='ocrx_word' id='word_1_78' title='bbox 452 962 495 1029; x_wconf 84' lang='lat' dir='ltr'><strong>Sp.</strong></span> <span class='ocrx_word' id='word_1_79' title='bbox 514 961 644 1015; x_wconf 88' lang='lat' dir='ltr'><strong>Maelium</strong></span> <span class='ocrx_word' id='word_1_80' title='bbox 660 979 713 1015; x_wconf 91' lang='lat' dir='ltr'><strong>non</strong></span> <span class='ocrx_word' id='word_1_81' title='bbox 729 964 839 1018; x_wconf 85' lang='lat' dir='ltr'><strong>oderitl</strong></span> <span class='ocrx_word' id='word_1_82' title='bbox 874 964 944 1017; x_wconf 79' lang='lat' dir='ltr'><strong>Onm</strong></span> 
     </span>
     <span class='ocr_line' id='line_1_12' title="bbox 95 1035 943 1106; baseline 0.001 -16"><span class='ocrx_word' id='word_1_83' title='bbox 95 1035 202 1091; x_wconf 89' lang='lat' dir='ltr'><strong>duobus</strong></span> <span class='ocrx_word' id='word_1_84' title='bbox 223 1037 337 1106; x_wconf 74' lang='lat' dir='ltr'><strong>ducibus</strong></span> <span class='ocrx_word' id='word_1_85' title='bbox 358 1037 394 1091; x_wconf 87' lang='lat' dir='ltr'><strong>de</strong></span> <span class='ocrx_word' id='word_1_86' title='bbox 410 1036 524 1105; x_wconf 82' lang='lat' dir='ltr'><strong>imperio</strong></span> <span class='ocrx_word' id='word_1_87' title='bbox 545 1036 573 1090; x_wconf 91' lang='lat' dir='ltr'><strong>in</strong></span> <span class='ocrx_word' id='word_1_88' title='bbox 595 1037 678 1090; x_wconf 86' lang='lat' dir='ltr'><strong>Italia</strong></span> <span class='ocrx_word' id='word_1_89' title='bbox 700 1038 870 1093; x_wconf 86' lang='lat' dir='ltr'><strong>decertatum</strong></span> <span class='ocrx_word' id='word_1_90' title='bbox 891 1041 943 1104; x_wconf 81' lang='lat' dir='ltr'><strong>est,</strong></span> 
     </span>
     <span class='ocr_line' id='line_1_13' title="bbox 96 1111 944 1183; baseline 0 -18"><span class='ocrx_word' id='word_1_91' title='bbox 96 1111 200 1180; x_wconf 79' lang='lat' dir='ltr'><strong>Pyrrho</strong></span> <span class='ocrx_word' id='word_1_92' title='bbox 212 1117 242 1178; x_wconf 83' lang='lat' dir='ltr'><strong>et</strong></span> <span class='ocrx_word' id='word_1_93' title='bbox 254 1113 399 1167; x_wconf 81' lang='lat' dir='ltr'><strong>Annibale.</strong></span> <span class='ocrx_word' id='word_1_94' title='bbox 431 1111 477 1166; x_wconf 80' lang='lat' dir='ltr'><strong>Ab</strong></span> <span class='ocrx_word' id='word_1_95' title='bbox 486 1112 573 1166; x_wconf 89' lang='lat' dir='ltr'><strong>altero</strong></span> <span class='ocrx_word' id='word_1_96' title='bbox 584 1117 698 1183; x_wconf 82' lang='lat' dir='ltr'><strong>propter</strong></span> <span class='ocrx_word' id='word_1_97' title='bbox 709 1113 874 1182; x_wconf 79' lang='lat' dir='ltr'><strong>probitatem</strong></span> <span class='ocrx_word' id='word_1_98' title='bbox 883 1112 944 1180; x_wconf 83' lang='lat' dir='ltr'><strong>ejus</strong></span> 
     </span>
     <span class='ocr_line' id='line_1_14' title="bbox 95 1187 943 1257; baseline -0.001 -15"><span class='ocrx_word' id='word_1_99' title='bbox 95 1205 149 1242; x_wconf 91' lang='lat' dir='ltr'><strong>non</strong></span> <span class='ocrx_word' id='word_1_100' title='bbox 169 1190 249 1242; x_wconf 93' lang='lat' dir='ltr'><strong>nimis</strong></span> <span class='ocrx_word' id='word_1_101' title='bbox 268 1189 369 1243; x_wconf 89' lang='lat' dir='ltr'><strong>alienos</strong></span> <span class='ocrx_word' id='word_1_102' title='bbox 392 1189 495 1242; x_wconf 91' lang='lat' dir='ltr'><strong>animos</strong></span> <span class='ocrx_word' id='word_1_103' title='bbox 518 1187 667 1253; x_wconf 81' lang='lat' dir='ltr'><strong>habemus3</strong></span> <span class='ocrx_word' id='word_1_104' title='bbox 689 1189 808 1244; x_wconf 89' lang='lat' dir='ltr'><strong>alterum</strong></span> <span class='ocrx_word' id='word_1_105' title='bbox 830 1192 943 1257; x_wconf 90' lang='lat' dir='ltr'><strong>propter</strong></span> 
     </span>
     <span class='ocr_line' id='line_1_15' title="bbox 95 1263 701 1333; baseline -0.005 -15"><span class='ocrx_word' id='word_1_106' title='bbox 95 1263 286 1319; x_wconf 71' lang='lat' dir='ltr'><strong>crudelitatem</strong></span> <span class='ocrx_word' id='word_1_107' title='bbox 299 1281 406 1333; x_wconf 89' lang='lat' dir='ltr'><strong>semper</strong></span> <span class='ocrx_word' id='word_1_108' title='bbox 417 1265 484 1318; x_wconf 86' lang='lat' dir='ltr'><strong>haec</strong></span> <span class='ocrx_word' id='word_1_109' title='bbox 495 1264 592 1318; x_wconf 79' lang='lat' dir='ltr'><strong>civitae</strong></span> <span class='ocrx_word' id='word_1_110' title='bbox 603 1265 701 1319; x_wconf 89' lang='lat' dir='ltr'><strong>oderit.</strong></span> 
     </span>
    </p>

    <p class='ocr_par' dir='ltr' id='par_1_4' title="bbox 95 1339 1005 3231">
     <span class='ocr_line' id='line_1_16' title="bbox 149 1339 944 1410; baseline -0.001 -16"><span class='ocrx_word' id='word_1_111' title='bbox 149 1341 198 1395; x_wconf 87' lang='lat' dir='ltr'><strong>IX.</strong></span> <span class='ocrx_word' id='word_1_112' title='bbox 211 1347 251 1395; x_wconf 79' lang='lat'><strong>29.</strong></span> <span class='ocrx_word' id='word_1_113' title='bbox 277 1340 357 1406; x_wconf 87' lang='lat' dir='ltr'><strong>Quod</strong></span> <span class='ocrx_word' id='word_1_114' title='bbox 366 1341 389 1395; x_wconf 91' lang='lat' dir='ltr'><strong>si</strong></span> <span class='ocrx_word' id='word_1_115' title='bbox 402 1343 480 1395; x_wconf 85' lang='lat' dir='ltr'><strong>tanta</strong></span> <span class='ocrx_word' id='word_1_116' title='bbox 491 1339 532 1395; x_wconf 85' lang='lat' dir='ltr'><strong>vis</strong></span> <span class='ocrx_word' id='word_1_117' title='bbox 544 1340 690 1410; x_wconf 86' lang='lat' dir='ltr'><strong>probitatis</strong></span> <span class='ocrx_word' id='word_1_118' title='bbox 701 1345 744 1395; x_wconf 89' lang='lat' dir='ltr'><strong>est</strong></span> <span class='ocrx_word' id='word_1_119' title='bbox 754 1345 787 1394; x_wconf 89' lang='lat' dir='ltr'><strong>nt</strong></span> <span class='ocrx_word' id='word_1_120' title='bbox 796 1357 856 1395; x_wconf 89' lang='lat' dir='ltr'><strong>eam</strong></span> <span class='ocrx_word' id='word_1_121' title='bbox 864 1339 944 1394; x_wconf 88' lang='lat' dir='ltr'><strong>velin</strong></span> 
     </span>
     <span class='ocr_line' id='line_1_17' title="bbox 96 1415 944 1485; baseline -0.001 -14"><span class='ocrx_word' id='word_1_122' title='bbox 96 1416 136 1472; x_wconf 89' lang='lat' dir='ltr'><strong>eis</strong></span> <span class='ocrx_word' id='word_1_123' title='bbox 148 1433 216 1485; x_wconf 90' lang='lat' dir='ltr'><strong>qnos</strong></span> <span class='ocrx_word' id='word_1_124' title='bbox 227 1433 365 1485; x_wconf 88' lang='lat' dir='ltr'><strong>nunquam</strong></span> <span class='ocrx_word' id='word_1_125' title='bbox 377 1416 502 1483; x_wconf 78' lang='lat' dir='ltr'><strong>vidimus,</strong></span> <span class='ocrx_word' id='word_1_126' title='bbox 511 1417 563 1485; x_wconf 85' lang='lat' dir='ltr'><strong>vel,</strong></span> <span class='ocrx_word' id='word_1_127' title='bbox 576 1415 650 1485; x_wconf 92' lang='lat' dir='ltr'><strong>quod</strong></span> <span class='ocrx_word' id='word_1_128' title='bbox 660 1417 749 1485; x_wconf 89' lang='lat' dir='ltr'><strong>majus</strong></span> <span class='ocrx_word' id='word_1_129' title='bbox 761 1420 811 1484; x_wconf 87' lang='lat' dir='ltr'><strong>est,</strong></span> <span class='ocrx_word' id='word_1_130' title='bbox 824 1416 852 1469; x_wconf 95' lang='lat' dir='ltr'><strong>in</strong></span> <span class='ocrx_word' id='word_1_131' title='bbox 865 1415 944 1470; x_wconf 86' lang='lat' dir='ltr'><strong>hoste</strong></span> 
     </span>
     <span class='ocr_line' id='line_1_18' title="bbox 96 1492 944 1560; baseline -0.002 -14"><span class='ocrx_word' id='word_1_132' title='bbox 96 1492 178 1546; x_wconf 86' lang='lat' dir='ltr'><strong>etlam</strong></span> <span class='ocrx_word' id='word_1_133' title='bbox 195 1493 348 1560; x_wconf 85' lang='lat' dir='ltr'><strong>diligamus,</strong></span> <span class='ocrx_word' id='word_1_134' title='bbox 362 1492 429 1560; x_wconf 93' lang='lat' dir='ltr'><strong>quid</strong></span> <span class='ocrx_word' id='word_1_135' title='bbox 445 1492 544 1545; x_wconf 90' lang='lat' dir='ltr'><strong>mirum</strong></span> <span class='ocrx_word' id='word_1_136' title='bbox 561 1493 585 1546; x_wconf 87' lang='lat' dir='ltr'><strong>si</strong></span> <span class='ocrx_word' id='word_1_137' title='bbox 601 1492 684 1545; x_wconf 91' lang='lat' dir='ltr'><strong>animi</strong></span> <span class='ocrx_word' id='word_1_138' title='bbox 700 1492 838 1545; x_wconf 90' lang='lat' dir='ltr'><strong>hominum</strong></span> <span class='ocrx_word' id='word_1_139' title='bbox 854 1508 944 1545; x_wconf 84' lang='lat' dir='ltr'><strong>move-</strong></span> 
     </span>
     <span class='ocr_line' id='line_1_19' title="bbox 95 1567 944 1637; baseline 0 -16"><span class='ocrx_word' id='word_1_140' title='bbox 95 1571 183 1635; x_wconf 88' lang='lat' dir='ltr'><strong>antur,</strong></span> <span class='ocrx_word' id='word_1_141' title='bbox 196 1585 281 1637; x_wconf 88' lang='lat' dir='ltr'><strong>quum</strong></span> <span class='ocrx_word' id='word_1_142' title='bbox 293 1585 385 1623; x_wconf 84' lang='lat' dir='ltr'><strong>eorum</strong></span> <span class='ocrx_word' id='word_1_143' title='bbox 394 1568 552 1637; x_wconf 84' lang='lat' dir='ltr'><strong>quibuscum</strong></span> <span class='ocrx_word' id='word_1_144' title='bbox 560 1583 613 1620; x_wconf 87' lang='lat' dir='ltr'><strong>usu</strong></span> <span class='ocrx_word' id='word_1_145' title='bbox 620 1567 756 1636; x_wconf 84' lang='lat' dir='ltr'><strong>conjuncti</strong></span> <span class='ocrx_word' id='word_1_146' title='bbox 764 1583 825 1620; x_wconf 89' lang='lat' dir='ltr'><strong>esse</strong></span> <span class='ocrx_word' id='word_1_147' title='bbox 832 1569 944 1636; x_wconf 84' lang='lat' dir='ltr'><strong>possunt</strong></span> 
     </span>
     <span class='ocr_line' id='line_1_20' title="bbox 95 1643 985 1713; baseline 0.003 -17"><span class='ocrx_word' id='word_1_148' title='bbox 95 1643 226 1698; x_wconf 81' lang='lat' dir='ltr'><strong>virtutem</strong></span> <span class='ocrx_word' id='word_1_149' title='bbox 245 1647 275 1699; x_wconf 89' lang='lat' dir='ltr'><strong>et</strong></span> <span class='ocrx_word' id='word_1_150' title='bbox 293 1644 445 1698; x_wconf 85' lang='lat' dir='ltr'><strong>bonitatem</strong></span> <span class='ocrx_word' id='word_1_151' title='bbox 468 1644 624 1713; x_wconf 87' lang='lat' dir='ltr'><strong>perspicere</strong></span> <span class='ocrx_word' id='word_1_152' title='bbox 646 1644 811 1699; x_wconf 82' lang='lat' dir='ltr'><strong>rideanturl</strong></span> <span class='ocrx_word' id='word_1_153' title='bbox 847 1644 944 1706; x_wconf 77' lang='lat' dir='ltr'><strong>Qum-</strong></span> <span class='ocrx_word' id='word_1_154' title='bbox 980 1654 985 1662; x_wconf 90' lang='lat'>&#39;</span> 
     </span>
     <span class='ocr_line' id='line_1_21' title="bbox 97 1718 944 1789; baseline -0.002 -14"><span class='ocrx_word' id='word_1_155' title='bbox 97 1736 178 1789; x_wconf 85' lang='lat' dir='ltr'><strong>quam</strong></span> <span class='ocrx_word' id='word_1_156' title='bbox 198 1721 374 1779; x_wconf 86' lang='lat' dir='ltr'><strong>confirmatur</strong></span> <span class='ocrx_word' id='word_1_157' title='bbox 389 1737 465 1775; x_wconf 87' lang='lat' dir='ltr'><strong>amor</strong></span> <span class='ocrx_word' id='word_1_158' title='bbox 483 1725 512 1775; x_wconf 87' lang='lat' dir='ltr'><strong>et</strong></span> <span class='ocrx_word' id='word_1_159' title='bbox 527 1720 660 1775; x_wconf 85' lang='lat' dir='ltr'><strong>beneficio</strong></span> <span class='ocrx_word' id='word_1_160' title='bbox 677 1724 789 1789; x_wconf 88' lang='lat' dir='ltr'><strong>accepto</strong></span> <span class='ocrx_word' id='word_1_161' title='bbox 806 1722 835 1774; x_wconf 88' lang='lat' dir='ltr'><strong>et</strong></span> <span class='ocrx_word' id='word_1_162' title='bbox 853 1718 944 1773; x_wconf 88' lang='lat' dir='ltr'><strong>studio</strong></span> 
     </span>
     <span class='ocr_line' id='line_1_22' title="bbox 96 1794 945 1865; baseline -0.002 -16"><span class='ocrx_word' id='word_1_163' title='bbox 96 1804 240 1865; x_wconf 90' lang='lat' dir='ltr'><strong>perspecto</strong></span> <span class='ocrx_word' id='word_1_164' title='bbox 258 1800 288 1851; x_wconf 89' lang='lat' dir='ltr'><strong>et</strong></span> <span class='ocrx_word' id='word_1_165' title='bbox 304 1797 500 1851; x_wconf 88' lang='lat' dir='ltr'><strong>consuetudine</strong></span> <span class='ocrx_word' id='word_1_166' title='bbox 517 1796 661 1863; x_wconf 81' lang='lat' dir='ltr'><strong>adiuncta;</strong></span> <span class='ocrx_word' id='word_1_167' title='bbox 680 1796 780 1865; x_wconf 89' lang='lat' dir='ltr'><strong>quibus</strong></span> <span class='ocrx_word' id='word_1_168' title='bbox 803 1796 885 1849; x_wconf 91' lang='lat' dir='ltr'><strong>rebus</strong></span> <span class='ocrx_word' id='word_1_169' title='bbox 908 1794 945 1847; x_wconf 84' lang='lat' dir='ltr'><strong>ad</strong></span> 
     </span>
     <span class='ocr_line' id='line_1_23' title="bbox 96 1871 944 1941; baseline -0.001 -16"><span class='ocrx_word' id='word_1_170' title='bbox 96 1872 173 1925; x_wconf 90' lang='lat' dir='ltr'><strong>illum</strong></span> <span class='ocrx_word' id='word_1_171' title='bbox 191 1873 310 1941; x_wconf 90' lang='lat' dir='ltr'><strong>primum</strong></span> <span class='ocrx_word' id='word_1_172' title='bbox 329 1876 435 1927; x_wconf 90' lang='lat' dir='ltr'><strong>motum</strong></span> <span class='ocrx_word' id='word_1_173' title='bbox 455 1873 538 1927; x_wconf 90' lang='lat' dir='ltr'><strong>animi</strong></span> <span class='ocrx_word' id='word_1_174' title='bbox 557 1876 586 1926; x_wconf 89' lang='lat' dir='ltr'><strong>et</strong></span> <span class='ocrx_word' id='word_1_175' title='bbox 602 1873 701 1926; x_wconf 86' lang='lat' dir='ltr'><strong>amoris</strong></span> <span class='ocrx_word' id='word_1_176' title='bbox 716 1871 847 1925; x_wconf 89' lang='lat' dir='ltr'><strong>adhibitis</strong></span> <span class='ocrx_word' id='word_1_177' title='bbox 860 1871 944 1924; x_wconf 89' lang='lat' dir='ltr'><strong>admi-</strong></span> 
     </span>
     <span class='ocr_line' id='line_1_24' title="bbox 97 1946 944 2017; baseline -0.002 -16"><span class='ocrx_word' id='word_1_178' title='bbox 97 1948 191 2002; x_wconf 89' lang='lat' dir='ltr'><strong>rabilis</strong></span> <span class='ocrx_word' id='word_1_179' title='bbox 210 1949 344 2017; x_wconf 85' lang='lat' dir='ltr'><strong>quaedam</strong></span> <span class='ocrx_word' id='word_1_180' title='bbox 361 1949 514 2003; x_wconf 77' lang='lat' dir='ltr'><strong>exardescit</strong></span> <span class='ocrx_word' id='word_1_181' title='bbox 537 1949 744 2003; x_wconf 84' lang='lat' dir='ltr'><strong>benevolentiae</strong></span> <span class='ocrx_word' id='word_1_182' title='bbox 768 1946 944 2016; x_wconf 77' lang='lat' dir='ltr'><strong>magnitudo:</strong></span> 
     </span>
     <span class='ocr_line' id='line_1_25' title="bbox 98 2023 946 2093; baseline -0.004 -16"><span class='ocrx_word' id='word_1_183' title='bbox 98 2040 180 2092; x_wconf 90' lang='lat' dir='ltr'><strong>quam</strong></span> <span class='ocrx_word' id='word_1_184' title='bbox 192 2024 215 2078; x_wconf 87' lang='lat' dir='ltr'><strong>si</strong></span> <span class='ocrx_word' id='word_1_185' title='bbox 227 2025 274 2093; x_wconf 90' lang='lat' dir='ltr'><strong>qui</strong></span> <span class='ocrx_word' id='word_1_186' title='bbox 287 2029 387 2093; x_wconf 88' lang='lat' dir='ltr'><strong>putant</strong></span> <span class='ocrx_word' id='word_1_187' title='bbox 398 2025 433 2079; x_wconf 92' lang='lat' dir='ltr'><strong>ab</strong></span> <span class='ocrx_word' id='word_1_188' title='bbox 445 2024 633 2079; x_wconf 87' lang='lat' dir='ltr'><strong>imbecillitate</strong></span> <span class='ocrx_word' id='word_1_189' title='bbox 645 2024 786 2093; x_wconf 91' lang='lat' dir='ltr'><strong>proficisci,</strong></span> <span class='ocrx_word' id='word_1_190' title='bbox 801 2027 832 2077; x_wconf 91' lang='lat' dir='ltr'><strong>ut</strong></span> <span class='ocrx_word' id='word_1_191' title='bbox 846 2023 882 2075; x_wconf 91' lang='lat' dir='ltr'><strong>sit</strong></span> <span class='ocrx_word' id='word_1_192' title='bbox 896 2038 946 2090; x_wconf 93' lang='lat' dir='ltr'><strong>per</strong></span> 
     </span>
     <span class='ocr_line' id='line_1_26' title="bbox 98 2099 945 2170; baseline -0.002 -17"><span class='ocrx_word' id='word_1_193' title='bbox 98 2116 180 2168; x_wconf 89' lang='lat' dir='ltr'><strong>quem</strong></span> <span class='ocrx_word' id='word_1_194' title='bbox 189 2105 352 2169; x_wconf 84' lang='lat' dir='ltr'><strong>assequatur</strong></span> <span class='ocrx_word' id='word_1_195' title='bbox 364 2100 438 2170; x_wconf 92' lang='lat' dir='ltr'><strong>quod</strong></span> <span class='ocrx_word' id='word_1_196' title='bbox 449 2100 566 2170; x_wconf 88' lang='lat' dir='ltr'><strong>quisque</strong></span> <span class='ocrx_word' id='word_1_197' title='bbox 578 2100 725 2167; x_wconf 86' lang='lat' dir='ltr'><strong>desideret,</strong></span> <span class='ocrx_word' id='word_1_198' title='bbox 735 2099 864 2166; x_wconf 88' lang='lat' dir='ltr'><strong>humilem</strong></span> <span class='ocrx_word' id='word_1_199' title='bbox 880 2114 945 2151; x_wconf 88' lang='lat' dir='ltr'><strong>sane</strong></span> 
     </span>
     <span class='ocr_line' id='line_1_27' title="bbox 97 2176 945 2245; baseline -0.006 -14"><span class='ocrx_word' id='word_1_200' title='bbox 97 2176 256 2244; x_wconf 89' lang='lat' dir='ltr'><strong>relinquunt</strong></span> <span class='ocrx_word' id='word_1_201' title='bbox 275 2180 304 2230; x_wconf 88' lang='lat' dir='ltr'><strong>et</strong></span> <span class='ocrx_word' id='word_1_202' title='bbox 321 2177 432 2231; x_wconf 88' lang='lat' dir='ltr'><strong>minime</strong></span> <span class='ocrx_word' id='word_1_203' title='bbox 447 2193 617 2245; x_wconf 84' lang='lat' dir='ltr'><strong>generosum,</strong></span> <span class='ocrx_word' id='word_1_204' title='bbox 637 2179 672 2230; x_wconf 87' lang='lat' dir='ltr'><strong>ut</strong></span> <span class='ocrx_word' id='word_1_205' title='bbox 684 2177 726 2230; x_wconf 90' lang='lat' dir='ltr'><strong>ita</strong></span> <span class='ocrx_word' id='word_1_206' title='bbox 741 2176 837 2241; x_wconf 88' lang='lat' dir='ltr'><strong>dicam,</strong></span> <span class='ocrx_word' id='word_1_207' title='bbox 854 2177 945 2227; x_wconf 89' lang='lat' dir='ltr'><strong>ortum</strong></span> 
     </span>
     <span class='ocr_line' id='line_1_28' title="bbox 97 2250 945 2323; baseline -0.007 -16"><span class='ocrx_word' id='word_1_208' title='bbox 97 2253 233 2307; x_wconf 86' lang='lat' dir='ltr'><strong>amicitiae</strong></span> <span class='ocrx_word' id='word_1_209' title='bbox 245 2270 327 2322; x_wconf 89' lang='lat' dir='ltr'><strong>quam</strong></span> <span class='ocrx_word' id='word_1_210' title='bbox 337 2271 371 2307; x_wconf 86' lang='lat' dir='ltr'><strong>ex</strong></span> <span class='ocrx_word' id='word_1_211' title='bbox 383 2254 474 2323; x_wconf 91' lang='lat' dir='ltr'><strong>inopia</strong></span> <span class='ocrx_word' id='word_1_212' title='bbox 486 2257 570 2321; x_wconf 87' lang='lat' dir='ltr'><strong>atque</strong></span> <span class='ocrx_word' id='word_1_213' title='bbox 582 2252 734 2320; x_wconf 80' lang='lat' dir='ltr'><strong>indigentia</strong></span> <span class='ocrx_word' id='word_1_214' title='bbox 742 2254 834 2305; x_wconf 89' lang='lat' dir='ltr'><strong>natam</strong></span> <span class='ocrx_word' id='word_1_215' title='bbox 844 2250 945 2303; x_wconf 84' lang='lat' dir='ltr'><strong>volunt.</strong></span> 
     </span>
     <span class='ocr_line' id='line_1_29' title="bbox 99 2324 945 2398; baseline -0.006 -17"><span class='ocrx_word' id='word_1_216' title='bbox 99 2328 178 2393; x_wconf 84' lang='lat' dir='ltr'><strong>Quod</strong></span> <span class='ocrx_word' id='word_1_217' title='bbox 191 2329 213 2382; x_wconf 89' lang='lat' dir='ltr'><strong>si</strong></span> <span class='ocrx_word' id='word_1_218' title='bbox 225 2329 265 2383; x_wconf 89' lang='lat' dir='ltr'><strong>ita</strong></span> <span class='ocrx_word' id='word_1_219' title='bbox 277 2334 357 2397; x_wconf 89' lang='lat' dir='ltr'><strong>esset,</strong></span> <span class='ocrx_word' id='word_1_220' title='bbox 369 2332 401 2383; x_wconf 91' lang='lat' dir='ltr'><strong>ut</strong></span> <span class='ocrx_word' id='word_1_221' title='bbox 415 2328 530 2398; x_wconf 89' lang='lat' dir='ltr'><strong>quisquo</strong></span> <span class='ocrx_word' id='word_1_222' title='bbox 542 2329 683 2382; x_wconf 91' lang='lat' dir='ltr'><strong>minimum</strong></span> <span class='ocrx_word' id='word_1_223' title='bbox 702 2328 730 2380; x_wconf 94' lang='lat' dir='ltr'><strong>in</strong></span> <span class='ocrx_word' id='word_1_224' title='bbox 750 2343 779 2379; x_wconf 89' lang='lat' dir='ltr'><strong>se</strong></span> <span class='ocrx_word' id='word_1_225' title='bbox 791 2330 858 2379; x_wconf 85' lang='lat' dir='ltr'><strong>&#39;esse</strong></span> <span class='ocrx_word' id='word_1_226' title='bbox 874 2324 945 2377; x_wconf 90' lang='lat' dir='ltr'><strong>arbi-</strong></span> 
     </span>
     <span class='ocr_line' id='line_1_30' title="bbox 97 2400 945 2474; baseline -0.009 -14"><span class='ocrx_word' id='word_1_227' title='bbox 97 2408 226 2472; x_wconf 88' lang='lat' dir='ltr'><strong>traretur,</strong></span> <span class='ocrx_word' id='word_1_228' title='bbox 238 2406 279 2460; x_wconf 86' lang='lat' dir='ltr'><strong>ita</strong></span> <span class='ocrx_word' id='word_1_229' title='bbox 290 2406 326 2459; x_wconf 87' lang='lat' dir='ltr'><strong>ad</strong></span> <span class='ocrx_word' id='word_1_230' title='bbox 337 2406 485 2461; x_wconf 86' lang='lat' dir='ltr'><strong>amicitiam</strong></span> <span class='ocrx_word' id='word_1_231' title='bbox 497 2408 571 2459; x_wconf 89' lang='lat' dir='ltr'><strong>esset</strong></span> <span class='ocrx_word' id='word_1_232' title='bbox 582 2405 756 2474; x_wconf 86' lang='lat' dir='ltr'><strong>aptissimus:</strong></span> <span class='ocrx_word' id='word_1_233' title='bbox 775 2400 850 2469; x_wconf 91' lang='lat' dir='ltr'><strong>quod</strong></span> <span class='ocrx_word' id='word_1_234' title='bbox 865 2400 945 2467; x_wconf 84' lang='lat' dir='ltr'><strong>longe</strong></span> 
     </span>
     <span class='ocr_line' id='line_1_31' title="bbox 99 2475 946 2549; baseline -0.007 -15"><span class='ocrx_word' id='word_1_235' title='bbox 99 2497 176 2535; x_wconf 89' lang='lat' dir='ltr'><strong>secus</strong></span> <span class='ocrx_word' id='word_1_236' title='bbox 194 2486 245 2536; x_wconf 88' lang='lat' dir='ltr'><strong>est.</strong></span> <span class='ocrx_word' id='word_1_237' title='bbox 280 2487 321 2535; x_wconf 83' lang='lat'><strong>³0.</strong></span> <span class='ocrx_word' id='word_1_238' title='bbox 340 2482 380 2535; x_wconf 90' lang='lat' dir='ltr'><strong>Ut</strong></span> <span class='ocrx_word' id='word_1_239' title='bbox 392 2482 464 2536; x_wconf 90' lang='lat' dir='ltr'><strong>enim</strong></span> <span class='ocrx_word' id='word_1_240' title='bbox 476 2482 592 2549; x_wconf 92' lang='lat' dir='ltr'><strong>quisque</strong></span> <span class='ocrx_word' id='word_1_241' title='bbox 605 2480 656 2534; x_wconf 87' lang='lat' dir='ltr'><strong>sibi</strong></span> <span class='ocrx_word' id='word_1_242' title='bbox 668 2480 814 2548; x_wconf 88' lang='lat' dir='ltr'><strong>plurimum</strong></span> <span class='ocrx_word' id='word_1_243' title='bbox 833 2475 946 2529; x_wconf 87' lang='lat' dir='ltr'><strong>confidit</strong></span> 
     </span>
     <span class='ocr_line' id='line_1_32' title="bbox 99 2552 946 2625; baseline -0.009 -14"><span class='ocrx_word' id='word_1_244' title='bbox 99 2560 128 2611; x_wconf 90' lang='lat' dir='ltr'><strong>et</strong></span> <span class='ocrx_word' id='word_1_245' title='bbox 139 2562 170 2612; x_wconf 90' lang='lat' dir='ltr'><strong>ut</strong></span> <span class='ocrx_word' id='word_1_246' title='bbox 186 2558 303 2625; x_wconf 89' lang='lat' dir='ltr'><strong>quisque</strong></span> <span class='ocrx_word' id='word_1_247' title='bbox 318 2558 435 2611; x_wconf 85' lang='lat' dir='ltr'><strong>maxime</strong></span> <span class='ocrx_word' id='word_1_248' title='bbox 454 2557 557 2611; x_wconf 84' lang='lat' dir='ltr'><strong>virtute</strong></span> <span class='ocrx_word' id='word_1_249' title='bbox 576 2561 605 2611; x_wconf 89' lang='lat' dir='ltr'><strong>et</strong></span> <span class='ocrx_word' id='word_1_250' title='bbox 624 2555 757 2625; x_wconf 83' lang='lat' dir='ltr'><strong>sapientia</strong></span> <span class='ocrx_word' id='word_1_251' title='bbox 771 2556 810 2608; x_wconf 88' lang='lat' dir='ltr'><strong>sic</strong></span> <span class='ocrx_word' id='word_1_252' title='bbox 825 2552 946 2605; x_wconf 90' lang='lat' dir='ltr'><strong>munitus</strong></span> 
     </span>
     <span class='ocr_line' id='line_1_33' title="bbox 99 2628 946 2700; baseline -0.007 -15"><span class='ocrx_word' id='word_1_253' title='bbox 99 2637 181 2687; x_wconf 91' lang='lat' dir='ltr'><strong>estut</strong></span> <span class='ocrx_word' id='word_1_254' title='bbox 191 2634 263 2686; x_wconf 92' lang='lat' dir='ltr'><strong>nullo</strong></span> <span class='ocrx_word' id='word_1_255' title='bbox 276 2637 355 2700; x_wconf 84' lang='lat' dir='ltr'><strong>egeat</strong></span> <span class='ocrx_word' id='word_1_256' title='bbox 363 2649 465 2700; x_wconf 88' lang='lat' dir='ltr'><strong>suaque</strong></span> <span class='ocrx_word' id='word_1_257' title='bbox 477 2633 568 2686; x_wconf 85' lang='lat' dir='ltr'><strong>omnia</strong></span> <span class='ocrx_word' id='word_1_258' title='bbox 579 2633 606 2685; x_wconf 91' lang='lat' dir='ltr'><strong>in</strong></span> <span class='ocrx_word' id='word_1_259' title='bbox 619 2649 649 2686; x_wconf 86' lang='lat' dir='ltr'><strong>se</strong></span> <span class='ocrx_word' id='word_1_260' title='bbox 660 2633 719 2700; x_wconf 88' lang='lat' dir='ltr'><strong>ipso</strong></span> <span class='ocrx_word' id='word_1_261' title='bbox 734 2630 824 2699; x_wconf 87' lang='lat' dir='ltr'><strong>posita</strong></span> <span class='ocrx_word' id='word_1_262' title='bbox 831 2628 946 2695; x_wconf 87' lang='lat' dir='ltr'><strong>judicet,</strong></span> 
     </span>
     <span class='ocr_line' id='line_1_34' title="bbox 99 2701 946 2776; baseline -0.008 -15"><span class='ocrx_word' id='word_1_263' title='bbox 99 2709 139 2761; x_wconf 86' lang='lat' dir='ltr'><strong>ita</strong></span> <span class='ocrx_word' id='word_1_264' title='bbox 154 2709 181 2761; x_wconf 92' lang='lat' dir='ltr'><strong>in</strong></span> <span class='ocrx_word' id='word_1_265' title='bbox 193 2708 319 2761; x_wconf 89' lang='lat' dir='ltr'><strong>amicitiis</strong></span> <span class='ocrx_word' id='word_1_266' title='bbox 336 2709 497 2775; x_wconf 83' lang='lat' dir='ltr'><strong>expetendis</strong></span> <span class='ocrx_word' id='word_1_267' title='bbox 515 2709 689 2776; x_wconf 87' lang='lat' dir='ltr'><strong>colendisque</strong></span> <span class='ocrx_word' id='word_1_268' title='bbox 700 2706 819 2760; x_wconf 89' lang='lat' dir='ltr'><strong>maxime</strong></span> <span class='ocrx_word' id='word_1_269' title='bbox 831 2701 946 2758; x_wconf 88' lang='lat' dir='ltr'><strong>excellit.</strong></span> 
     </span>
     <span class='ocr_line' id='line_1_35' title="bbox 101 2778 947 2851; baseline -0.008 -15"><span class='ocrx_word' id='word_1_270' title='bbox 101 2783 173 2849; x_wconf 84' lang='lat' dir='ltr'><strong>Quid</strong></span> <span class='ocrx_word' id='word_1_271' title='bbox 182 2783 254 2835; x_wconf 89' lang='lat' dir='ltr'><strong>enim</strong></span> <span class='ocrx_word' id='word_1_272' title='bbox 264 2783 407 2837; x_wconf 80' lang='lat' dir='ltr'><strong>Africanus</strong></span> <span class='ocrx_word' id='word_1_273' title='bbox 419 2784 545 2851; x_wconf 82' lang='lat' dir='ltr'><strong>indigens</strong></span> <span class='ocrx_word' id='word_1_274' title='bbox 556 2786 629 2838; x_wconf 87' lang='lat' dir='ltr'><strong>mei&#39;i</strong></span> <span class='ocrx_word' id='word_1_275' title='bbox 665 2783 779 2836; x_wconf 86' lang='lat' dir='ltr'><strong>Minime</strong></span> <span class='ocrx_word' id='word_1_276' title='bbox 790 2778 896 2833; x_wconf 87' lang='lat' dir='ltr'><strong>hercle:</strong></span> <span class='ocrx_word' id='word_1_277' title='bbox 915 2793 947 2830; x_wconf 88' lang='lat' dir='ltr'><strong>ac</strong></span> 
     </span>
     <span class='ocr_line' id='line_1_36' title="bbox 100 2854 948 2927; baseline -0.006 -14"><span class='ocrx_word' id='word_1_278' title='bbox 100 2877 135 2913; x_wconf 91' lang='lat' dir='ltr'><strong>ne</strong></span> <span class='ocrx_word' id='word_1_279' title='bbox 147 2874 198 2927; x_wconf 79' lang='lat' dir='ltr'><strong>ego</strong></span> <span class='ocrx_word' id='word_1_280' title='bbox 210 2858 322 2926; x_wconf 90' lang='lat' dir='ltr'><strong>quidem</strong></span> <span class='ocrx_word' id='word_1_281' title='bbox 334 2860 406 2912; x_wconf 89' lang='lat' dir='ltr'><strong>illius</strong></span> <span class='ocrx_word' id='word_1_282' title='bbox 418 2880 424 2923; x_wconf 87' lang='lat'>;</span> <span class='ocrx_word' id='word_1_283' title='bbox 441 2861 490 2913; x_wconf 88' lang='lat' dir='ltr'><strong>sed</strong></span> <span class='ocrx_word' id='word_1_284' title='bbox 502 2877 552 2927; x_wconf 84' lang='lat' dir='ltr'><strong>ego</strong></span> <span class='ocrx_word' id='word_1_285' title='bbox 569 2860 749 2912; x_wconf 88' lang='lat' dir='ltr'><strong>admiratione</strong></span> <span class='ocrx_word' id='word_1_286' title='bbox 761 2856 878 2926; x_wconf 83' lang='lat' dir='ltr'><strong>quadam</strong></span> <span class='ocrx_word' id='word_1_287' title='bbox 895 2854 948 2908; x_wconf 87' lang='lat' dir='ltr'><strong>vir·</strong></span> 
     </span>
     <span class='ocr_line' id='line_1_37' title="bbox 100 2932 1005 3003; baseline -0.007 -14"><span class='ocrx_word' id='word_1_288' title='bbox 100 2935 169 2990; x_wconf 87' lang='lat' dir='ltr'><strong>tutis</strong></span> <span class='ocrx_word' id='word_1_289' title='bbox 182 2934 250 3003; x_wconf 88' lang='lat' dir='ltr'><strong>ojus,</strong></span> <span class='ocrx_word' id='word_1_290' title='bbox 262 2935 309 2988; x_wconf 93' lang='lat' dir='ltr'><strong>ille</strong></span> <span class='ocrx_word' id='word_1_291' title='bbox 320 2936 437 2988; x_wconf 87' lang='lat' dir='ltr'><strong>vicissim</strong></span> <span class='ocrx_word' id='word_1_292' title='bbox 450 2936 576 3003; x_wconf 90' lang='lat' dir='ltr'><strong>opinione</strong></span> <span class='ocrx_word' id='word_1_293' title='bbox 591 2936 708 2988; x_wconf 80' lang='lat' dir='ltr'><strong>fortasse</strong></span> <span class='ocrx_word' id='word_1_294' title='bbox 722 2932 852 2987; x_wconf 89' lang='lat' dir='ltr'><strong>nonnulla</strong></span> <span class='ocrx_word' id='word_1_295' title='bbox 866 2946 948 2998; x_wconf 88' lang='lat' dir='ltr'><strong>quam</strong></span> <span class='ocrx_word' id='word_1_296' title='bbox 1002 2960 1005 2966; x_wconf 86' lang='lat'>.</span> 
     </span>
     <span class='ocr_line' id='line_1_38' title="bbox 101 3007 948 3073; baseline -0.009 -8"><span class='ocrx_word' id='word_1_297' title='bbox 101 3012 136 3065; x_wconf 89' lang='lat' dir='ltr'><strong>de</strong></span> <span class='ocrx_word' id='word_1_298' title='bbox 156 3010 223 3062; x_wconf 88' lang='lat' dir='ltr'><strong>meis</strong></span> <span class='ocrx_word' id='word_1_299' title='bbox 242 3010 363 3063; x_wconf 88' lang='lat' dir='ltr'><strong>moribus</strong></span> <span class='ocrx_word' id='word_1_300' title='bbox 384 3010 503 3063; x_wconf 83' lang='lat' dir='ltr'><strong>habebat</strong></span> <span class='ocrx_word' id='word_1_301' title='bbox 524 3027 568 3065; x_wconf 89' lang='lat' dir='ltr'><strong>me</strong></span> <span class='ocrx_word' id='word_1_302' title='bbox 591 3009 704 3073; x_wconf 79' lang='lat' dir='ltr'><strong>dilexit3</strong></span> <span class='ocrx_word' id='word_1_303' title='bbox 730 3009 807 3061; x_wconf 83' lang='lat' dir='ltr'><strong>auxit</strong></span> <span class='ocrx_word' id='word_1_304' title='bbox 833 3007 948 3059; x_wconf 81' lang='lat' dir='ltr'><strong>benevo</strong></span> 
     </span>
     <span class='ocr_line' id='line_1_39' title="bbox 101 3082 950 3153; baseline -0.006 -14"><span class='ocrx_word' id='word_1_305' title='bbox 101 3086 215 3141; x_wconf 88' lang='lat' dir='ltr'><strong>lentiam</strong></span> <span class='ocrx_word' id='word_1_306' title='bbox 223 3084 397 3139; x_wconf 87' lang='lat' dir='ltr'><strong>consuetudo.</strong></span> <span class='ocrx_word' id='word_1_307' title='bbox 433 3084 802 3153; x_wconf 85' lang='lat' dir='ltr'><strong>Sedquamquamntilitates</strong></span> <span class='ocrx_word' id='word_1_308' title='bbox 810 3082 912 3135; x_wconf 88' lang='lat' dir='ltr'><strong>multae</strong></span> <span class='ocrx_word' id='word_1_309' title='bbox 920 3084 950 3134; x_wconf 91' lang='lat' dir='ltr'><strong>et</strong></span> 
     </span>
     <span class='ocr_line' id='line_1_40' title="bbox 101 3158 952 3231; baseline -0.011 -14"><span class='ocrx_word' id='word_1_310' title='bbox 101 3178 216 3231; x_wconf 76' lang='lat' dir='ltr'><strong>magnae</strong></span> <span class='ocrx_word' id='word_1_311' title='bbox 237 3162 398 3215; x_wconf 85' lang='lat' dir='ltr'><strong>consecutae</strong></span> <span class='ocrx_word' id='word_1_312' title='bbox 415 3162 487 3226; x_wconf 87' lang='lat' dir='ltr'><strong>sunt,</strong></span> <span class='ocrx_word' id='word_1_313' title='bbox 497 3176 551 3212; x_wconf 93' lang='lat' dir='ltr'><strong>non</strong></span> <span class='ocrx_word' id='word_1_314' title='bbox 567 3163 631 3213; x_wconf 83' lang='lat' dir='ltr'><strong>sunt</strong></span> <span class='ocrx_word' id='word_1_315' title='bbox 646 3164 739 3214; x_wconf 86' lang='lat' dir='ltr'><strong>tamen</strong></span> <span class='ocrx_word' id='word_1_316' title='bbox 750 3158 785 3213; x_wconf 89' lang='lat' dir='ltr'><strong>ab</strong></span> <span class='ocrx_word' id='word_1_317' title='bbox 796 3173 889 3211; x_wconf 89' lang='lat' dir='ltr'><strong>earnm</strong></span> <span class='ocrx_word' id='word_1_318' title='bbox 902 3172 952 3223; x_wconf 88' lang='lat' dir='ltr'><strong>spe</strong></span> 
     </span>
    </p>
   </div>
   <div class='ocr_carea' id='block_1_4' title="bbox 0 0 1139 3450">
    <p class='ocr_par' dir='ltr' id='par_1_5' title="bbox 0 0 1139 3450">
     <span class='ocr_line' id='line_1_41' title="bbox 0 0 1139 3450; baseline 0 0"><span class='ocrx_word' id='word_1_319' title='bbox 0 0 1139 3450; x_wconf 95' lang='lat' dir='ltr'><strong> </strong></span> 
     </span>
    </p>
   </div>
  </div>
 </body>
</html>
