2250 3450
15 3232 17 3265 l

35 3319 71 3339 h

82 127 97 173 o'
308 123 348 174 M.
365 123 494 173 TULLII
511 123 702 174 CICERONIS

81 203 167 272 retur.
203 207 244 258 15.
271 201 389 272 Etenim,
404 219 488 270 quum
500 203 670 272 contemplor
687 205 784 273 animo,
796 210 929 274 quattuor

81 277 189 346 reperio
212 295 307 332 causas
330 295 379 334 cur
403 283 528 332 senectus
547 280 648 333 misera
670 280 811 337 videatur:
837 300 927 351 unam,

82 353 157 420 quod
175 357 270 408 avocet
289 370 305 407 a
323 353 406 408 rebus
428 355 572 422 gerendis;
595 356 717 424 alteram,
737 357 812 426 quod
830 374 928 426 corpus

81 429 165 484 faciat
177 429 311 483 infirmius
318 450 325 496 ;
343 430 463 498 tertiam,
475 431 550 498 quod
562 432 653 500 privet
669 433 794 487 omnibns
808 433 868 488 iere
880 451 925 489 vo

81 505 247 575 luptatibus3
265 509 399 575 quartam,
412 506 487 576 quod
504 505 579 560 haud
596 508 690 576 procul
707 508 813 563 absita
830 513 926 566 morte

82 580 191 649 Earum,
209 581 232 635 si
249 581 347 650 placet,
364 598 506 636 causarum
524 587 627 651 quanta
644 600 781 653 quamque
797 586 835 640 sit
848 585 927 654 jueta

82 672 261 726 imaquaeque
272 657 419 714 videamus.
462 700 468 713 .

133 733 185 788 VI.
213 735 240 787 A
252 733 334 788 rebus
346 735 473 802 gerendis
486 738 613 789 senectus
624 734 768 790 abstrahit
803 736 925 800 Quibusi

83 809 128 862 An
143 809 176 862 iis
192 825 263 878 quae
275 809 423 878 juventute
440 814 575 878 geruntur
592 813 622 864 et
635 811 757 867 viribusl
793 811 926 867 Nullaene

80 884 165 953 igitur
179 901 224 938 res
240 889 304 938 sunt
318 885 416 940 seniles
428 902 499 954 quae
511 885 682 946 velinfirmis
696 887 854 956 corporibus
869 889 926 941 ani-

80 975 125 1013 mo
136 963 229 1014 tamen
241 960 479 1015 administrentur?
515 960 591 1014 Nihil
605 978 670 1029 ergo
681 963 782 1030 agebat
794 963 826 1027 Q.
839 963 926 1016 Maxi-

80 1052 150 1090 mus¹
165 1035 241 1090 Nihil
260 1034 518 1105 L.Pau11us‚pater
535 1040 607 1105 tuus,
623 1037 719 1105 Scipio,
737 1055 814 1092 socer
829 1038 925 1105 optimi

80 1111 138 1177 viri,
150 1111 199 1164 filii
210 1111 273 1165 mei.
318 1111 410 1166 (lateri
424 1128 509 1180 senes,
522 1112 648 1178 Fabricii,
662 1113 744 1180 Curii,
757 1114 924 1181 Oonmcanii,

80 1203 165 1254 quum
176 1203 235 1241 rem
246 1186 383 1255 publicam
392 1186 503 1242 consilio
514 1191 544 1242 et
555 1187 719 1241 auctoritate
731 1186 924 1255 defendebant,

80 1261 147 1315 nihil
158 1262 283 1330 agebant.
327 1269 367 1318 16.
392 1262 440 1317 Ad
452 1263 537 1333 Appii
549 1263 657 1318 Claudii
668 1267 839 1318 senectutem
849 1279 925 1318 accc

80 1337 165 1393 debat
178 1339 261 1393 etiam
276 1341 309 1392 nt
323 1355 418 1394 caecus
431 1344 519 1406 esset3
536 1343 629 1393 tamen
644 1339 676 1407 is,
690 1356 775 1409 quum
788 1339 926 1394 sententia

80 1412 197 1469 Senatus
208 1415 351 1469 inclinaret
362 1415 398 1469 ad
409 1431 504 1485 paoem
515 1432 578 1470 cum
587 1415 691 1482 Pyrrho
699 1415 851 1484 foedusque
861 1415 926 1470 faci-

79 1490 188 1557 endum,
207 1507 261 1544 nou
278 1490 415 1545 dubitavit
425 1491 525 1546 dicere
543 1492 590 1545 illa
607 1509 678 1562 quac
693 1492 819 1548 versibus
835 1508 926 1562 persc-

79 1569 158 1620 cutus
170 1570 214 1619 est
226 1566 342 1621 Ennius:

176 1649 230 1706 Quo
242 1649 312 1696 vobis
324 1654 425 1708 mentes,
440 1655 521 1698 rectae
531 1667 596 1712 quae
606 1656 672 1700 stare
683 1652 806 1701 solebant·

174 1713 298 1773 Antehac,
312 1712 438 1763 dementes
449 1732 502 1765 ease
512 1715 602 1764 flexere
612 1716 676 1765 viail

79 1801 224 1867 ceteraque
235 1798 406 1867 gravissime:
424 1803 519 1854 notum
531 1799 604 1854 enim
612 1799 689 1853 vobis
701 1816 810 1855 carmen
821 1802 878 1867 θεῖς
894 1804 925 1855 et

78 1876 171 1927 tamen
188 1874 271 1943 ipsius
285 1874 369 1943 Appii
383 1878 462 1929 extat
475 1876 568 1930 oratio.
606 1877 701 1945 Atque
718 1875 786 1929 haec
801 1876 848 1930 ille
865 1876 925 1944 egit

79 1953 184 2018 septem
199 1953 228 2005 et
242 1950 337 2004 decem
350 1951 428 2005 annis
443 1954 507 2019 post
520 1951 638 2005 altarum
649 1951 826 2020 consulatum,
838 1968 923 2020 quum

78 2024 151 2079 inter
168 2025 237 2079 duos
252 2026 407 2080 consulatus
421 2018 485 2079 anni
499 2026 595 2079 decem
610 2026 805 2093 intermiscent,
818 2042 924 2081 censor-

78 2117 133 2169 que
147 2105 211 2155 ante
228 2102 396 2169 superiorem
411 2101 581 2155 consulatum
596 2102 708 2168 fuisset3
725 2119 759 2157 ex
775 2119 830 2171 quo
845 2102 924 2157 intel-

77 2176 173 2245 ligitur
185 2177 282 2246 Pyrrhi
294 2177 366 2231 ballo
377 2176 508 2245 grandem
521 2193 586 2230 eane
597 2177 695 2231 fuisse:
712 2181 741 2233 et
752 2182 846 2233 tamen
857 2178 924 2233 sica

78 2252 203 2321 patribus
214 2252 374 2321 accepimus.
413 2256 452 2309 17.
481 2252 555 2305 Nihil
567 2252 653 2320 igitur
663 2252 782 2307 afferunt
793 2254 841 2321 qui
852 2254 881 2307 in
892 2270 924 2308 re

76 2327 197 2395 gerenda
208 2328 311 2382 versari
325 2330 495 2383 senectutem
508 2331 626 2397 negant3
642 2325 799 2397 'similesque
813 2333 878 2384 eunt
891 2333 924 2385 ut

77 2404 167 2474 siqui
184 2404 395 2473 gubernatorem
416 2404 445 2458 in
464 2404 616 2472 navigando
634 2404 702 2458 nihil
722 2421 804 2473 agere
823 2405 923 2473 dicant,

77 2497 162 2549 quum
182 2480 227 2535 alii
247 2480 332 2534 malos
353 2479 491 2548 scandant,
510 2480 557 2534 alii
575 2497 627 2549 per
647 2481 721 2535 foros
739 2486 858 2549 cursant,
876 2481 924 2536 alii

77 2556 212 2610 sentinam
224 2555 394 2624 exhauriant,
404 2555 450 2609 ille
473 2559 566 2611 autem
587 2557 693 2611 clavum
704 2561 802 2612 tenens
814 2558 924 2627 quietus

77 2631 172 2686 sedeat
185 2632 214 2685 in
226 2632 317 2700 puppi
352 2632 416 2685 Non
432 2631 499 2685 facit
514 2648 547 2685 ea
560 2648 631 2700 quae
644 2632 768 2701 juvenes.
806 2635 848 2687 At
858 2649 924 2687 vero
991 2637 993 2640 '
1045 2693 1049 2701 ,

76 2707 162 2760 multo
177 2710 281 2775 majora
295 2709 325 2761 et
338 2706 450 2761 meliora
460 2706 533 2761 facit.
569 2707 595 2760 N
597 2724 632 2761 on
644 2706 748 2761 viribus
761 2710 811 2762 aut
825 2707 924 2761 veloci-

75 2781 180 2836 tatibus
198 2786 247 2836 aut
265 2782 408 2837 eeleritate
425 2798 568 2851 corporum
587 2798 631 2836 res
649 2798 765 2850 magnae
782 2787 923 2851 geruntur,

76 2856 125 2910 sed
146 2858 264 2925 oonsilio,
283 2858 454 2926 auctoritate,
474 2859 627 2922 sententia3
652 2857 753 2926 quibus
769 2874 824 2912 non
841 2859 924 2912 modo

75 2948 129 2986 non
144 2933 243 3001 orbari,
257 2934 307 2987 sed
324 2934 407 2988 etiam
425 2934 519 3002 augeri
538 2937 665 2987 senectus
681 2934 758 2990 solet.
796 2940 835 2990 18.
861 2935 924 2989 Nisi

75 3008 147 3063 forte
161 3009 308 3077 egovobie‚
324 3010 416 3078 quiet
433 3009 511 3063 miles
529 3012 558 3063 et
576 3009 703 3063 tribunus
721 3014 751 3065 et
768 3011 875 3080 legatus
893 3014 923 3065 at

75 3084 167 3138 consul
181 3088 305 3139 versatus
323 3101 383 3138 sum
401 3086 429 3139 in
445 3084 520 3139 vario
537 3101 640 3153 genere
657 3085 798 3156 bellorum,
816 3103 923 3142 cessare

74 3173 146 3213 nunc
164 3159 260 3217 videor
278 3176 363 3231 quum
381 3160 526 3217 ballenon
544 3176 619 3229 gero.
655 3162 698 3216 At
720 3162 833 3218 Senatui
851 3178 923 3233 quae

15 3350 108 3405 A]
