2250 3450
101 129 133 176 10
331 122 369 170 M.
388 120 514 170 TULLII
532 119 721 169 CICERONIS

100 200 379 274 audientiam-diserti
393 199 465 254 senis
479 203 589 269 compta
600 202 630 253 et
643 198 719 254 mitis
730 199 824 255 oratio.
861 200 949 265 Quam

102 281 124 333 si
136 280 195 348 ipse
205 278 319 347 exsequi
330 293 456 344 nequeas,
464 277 552 344 possis
563 279 657 330 tamen
667 276 785 345 Scipioni
793 278 950 346 praecipere

102 358 131 409 et
148 355 248 409 Laelio.
286 353 358 418 Quid
373 353 445 406 enim
456 351 605 420 jucundius
621 356 762 406 senectute
777 354 879 422 stipata
894 358 951 408 stu-

103 431 155 484 diis
168 429 341 498 juventutisf
378 434 418 481 29.
442 429 488 480 An
500 445 535 482 no
548 445 594 481 eas
607 428 719 496 quidem
731 428 803 483 vires
816 431 950 484 senectuti

103 505 287 573 relinquemus
298 507 331 557 ut
342 503 558 558 adolescentulos
568 504 671 569 doceat
683 504 817 572 instituat,
825 506 861 559 ad
870 522 950 560 omne

103 581 182 636 officii
197 596 295 634 munus
309 580 444 632 instructi
481 579 541 642 Quo
556 579 667 647 quidem
681 596 764 648 opere
776 580 844 649 quid
860 584 952 650 potest

104 673 164 710 esse
178 655 359 725 praeclarius?
396 654 465 708 Mihi
480 671 545 707 vero
562 655 609 708 On.
622 658 652 708 et
668 655 698 710 P.
712 655 850 724 Scipiones
866 660 895 710 et
908 657 952 711 avi

106 732 145 786 tui
157 732 219 798 duo,
233 731 262 786 L.
278 730 413 784 Aemilius
426 733 454 784 et
468 729 497 784 P.
513 731 665 799 Africanus,
677 731 808 784 comitatu
820 733 952 786 nobilium

101 808 233 877 juvenum
245 806 378 860 fortunati
390 805 568 870 videbantur;
586 822 636 859 nec
647 806 696 859 ulli
707 806 840 860 bonarum
851 809 952 862 artium

105 883 227 951 magistri
242 898 296 935 non
311 881 387 936 beati
402 882 526 951 putandi,
539 882 663 950 quamvis
677 884 868 950 consenuerint
881 885 952 938 vires

105 963 188 1029 atque
200 959 360 1013 defecerint.
396 959 456 1012 Etsi
470 959 525 1011 ista
538 959 598 1026 ipsa
610 958 727 1011 defectio
739 959 837 1012 virium
849 961 953 1014 adoles-

106 1037 210 1090 centiae
227 1035 302 1088 vitiis
321 1035 437 1089 efficitur
456 1035 563 1102 saepius
582 1051 664 1103 quam
683 1036 954 1100 senectutis31ibidi-

106 1126 173 1163 nosa
189 1109 261 1162 enim
279 1112 307 1163 et
324 1110 509 1177 intemperans
527 1108 711 1162 adolescentia
728 1110 839 1162 effetum
856 1126 954 1180 eorpus

106 1185 193 1256 tradit
205 1185 346 1240 senectuti.
377 1191 418 1239 30.
436 1184 521 1252 Cyrus
535 1182 646 1251 quidem
659 1185 732 1253 apud
745 1185 954 1254 Xenophontem

107 1277 140 1314 eo
152 1277 275 1314 sermone
284 1278 366 1329 quem
378 1260 495 1314 moriens
507 1259 611 1327 habuit,
620 1276 703 1327 quum
712 1259 859 1314 admodum
871 1278 955 1315 senex

108 1339 188 1404 esset,
201 1339 285 1404 negat
297 1353 326 1390 se
338 1353 458 1404 unquam
472 1337 588 1390 sensisse
601 1339 770 1390 senectutem
782 1353 859 1390 suam
870 1335 956 1391 imbe-

108 1412 238 1466 cilliorem
249 1412 350 1466 factam
362 1428 444 1480 quam
456 1411 640 1467 adolescentia
651 1412 755 1466 firbset.
786 1413 845 1480 ligo
853 1412 887 1466 L.
897 1411 957 1466 lle-

110 1488 204 1541 tellum
221 1487 331 1540 memini
349 1503 425 1555 puer,
444 1488 491 1556 qui
509 1506 594 1558 quum
613 1487 792 1558 quadriennio
809 1491 872 1557 post
889 1488 957 1542 alte-

109 1579 170 1616 rum
187 1563 355 1616 consulatum
373 1562 501 1617 Pontifex
519 1565 656 1618 Maximus
670 1565 758 1618 factus
773 1567 845 1618 esset
860 1563 957 1632 viginti

110 1640 140 1692 et
151 1637 220 1690 duos
233 1653 316 1690 annos
328 1637 354 1689 ei
366 1639 519 1692 sacerdotio
535 1639 664 1707 praefuit,
678 1639 719 1692 ita
732 1639 810 1691 bonis
822 1655 883 1691 esse
894 1637 958 1690 viri-

110 1712 162 1767 bus
178 1715 302 1767 extremo
317 1715 441 1781 tempore
458 1713 558 1767 aetatis
573 1717 605 1768 ut
621 1713 832 1766 adolescentiam
848 1730 902 1766 non
917 1729 959 1766 re

111 1790 240 1858 quireret.
283 1788 360 1841 Nihil
379 1804 489 1842 necesse
508 1791 551 1842 est
574 1788 641 1841 mihi
660 1788 696 1840 de
714 1804 758 1840 me
776 1788 835 1856 ipso
853 1788 958 1852 dicere3

112 1880 276 1933 quamquam
291 1866 334 1917 est
349 1863 379 1916 id
394 1863 505 1931 quidem
517 1863 602 1916 senile
617 1862 757 1930 aetatique
774 1866 885 1916 nostrae
898 1879 960 1917 con-

112 1939 226 1994 ceditur.

112 2058 115 2065 .
165 2015 198 2069 X.
234 2020 274 2069 31.
304 2014 449 2068 Videtisne
472 2017 504 2067 ut
527 2013 601 2082 apud
626 2014 778 2068 Homerum
801 2014 960 2084 saepissime

113 2090 214 2145 ll'estor
238 2090 274 2143 de
296 2089 445 2143 virtutibus
466 2089 522 2143 suis
540 2089 700 2157 praedicati
742 2090 863 2144 Tertiam
886 2090 960 2144 enim

109 2166 168 2235 jam
187 2168 307 2219 aetatem
325 2164 464 2217 homiuum
485 2164 603 2230 vivebat,
620 2181 671 2219 nee
690 2168 750 2219 erat
768 2166 793 2219 ei
810 2166 960 2219 verendum

112 2258 147 2295 ne
166 2258 231 2294 vera
247 2240 409 2311 praedicans
427 2239 462 2294 de
481 2256 510 2293 se
526 2240 609 2294 nimis
620 2240 762 2294 videretur
777 2245 826 2294 aut
843 2241 960 2295 insolens

112 2320 162 2371 aut
180 2317 286 2384 loquax.
323 2316 440 2383 Etenim,
462 2319 495 2370 ut
515 2316 554 2369 ait
571 2316 716 2383 Homerus,
736 2333 771 2370 ex
791 2316 851 2385 ejus
868 2317 961 2384 lingua

113 2394 193 2447 melle
205 2392 309 2446 dulcior
325 2391 428 2446 fluebat
446 2392 540 2459 oratio,
559 2392 691 2461 quemad
705 2394 868 2447 suavitatem
880 2392 961 2446 nullis

113 2468 212 2537 egebat
236 2469 356 2537 corporis
376 2468 493 2522 viribus:
511 2471 549 2522 et
570 2472 663 2523 tamen
684 2468 741 2522 dux
764 2468 811 2522 ille
831 2468 961 2521 Graeciae

113 2560 247 2613 nusquam
266 2546 345 2613 optat
366 2546 399 2596 ut
416 2543 511 2611 Ajaeis
525 2544 629 2598 similes
643 2544 744 2598 habeat
762 2543 865 2611 decem,
882 2546 912 2597 at
929 2545 961 2596 ut

114 2620 248 2689 Nestoris,
266 2619 339 2688 quod
357 2619 381 2673 si
398 2619 536 2685 acciderit,
549 2636 603 2673 non
619 2619 728 2673 dubitat
746 2620 812 2688 quin
830 2618 908 2673 brevi
925 2618 962 2673 sit

115 2694 196 2763 'l'roja
217 2695 350 2765 peritius.
399 2701 439 2749 32.
481 2694 536 2750 Sed
559 2694 644 2749 redeo
667 2694 704 2748 ad
727 2710 781 2748 me.
828 2694 962 2758 Quartum

114 2787 215 2825 annum
239 2787 290 2839 ago
314 2775 343 2825 et
366 2772 575 2839 octogesimum:
604 2770 703 2823 vellem
732 2769 861 2837 equidem
889 2768 963 2822 idem

114 2862 194 2915 posse
205 2846 315 2914 gloriari
327 2847 401 2916 quod
413 2847 513 2915 Cyrus:
532 2845 582 2900 sed
596 2849 690 2899 tamen
708 2844 760 2897 hoc
778 2860 848 2913 queo
863 2844 962 2912 dicere,

115 2938 168 2975 non
185 2938 230 2975 me
248 2922 359 2991 quidem
377 2922 411 2976 iis
428 2939 488 2977 esse
505 2922 610 2976 viribus
629 2921 729 2989 quibus
740 2923 789 2974 aut
801 2921 880 2975 miles
891 2920 963 2974 bello

117 2998 219 3051 Punico
236 3002 285 3052 aut
302 3008 431 3067 quaestor
448 2998 546 3053 eodem
569 2997 641 3051 bello
663 3000 712 3050 aut
735 2996 829 3050 consul
852 2997 880 3049 in
899 2996 964 3049 His-

115 3074 196 3142 pania
207 3074 312 3141 fuerim,
326 3077 375 3128 aut
385 3073 565 3141 quadriennio
577 3076 640 3141 post
657 3089 741 3141 quum
754 3072 882 3126 tribunus
893 3070 964 3124 mili-

115 3149 184 3204 taris
195 3149 347 3219 depugnavi
358 3146 434 3219 apud
445 3147 639 3217 Thermopylas
655 3147 700 3203 M’.
713 3147 802 3201 Acilio
816 3146 963 3202 Glabrione
