2250 3450
96 147 138 204 ιι,
320 139 359 188 u.
376 137 505 188 rouen
523 99 715 187 cleronome

94 221 242 290 disputaris
251 218 317 290 quid
330 217 438 287 mutius,
446 217 556 288 qunlem
566 216 714 285 existimes,
720 232 792 286 quoe
799 221 945 296 praecepto

94 296 153 351 des.
172 295 355 352 SeruuMihi
367 294 612 364 ve1·o[pergretum
623 293 703 358 erit];
720 296 805 362 etque
815 293 845 347 id
855 295 945 362 ipsum

95 388 178 440 quum
190 377 282 427 tecum
295 387 378 438 ogere
389 386 509 438 conarer,
522 370 643 423 Fannius
654 370 810 422 antevertit.
848 371 946 444 Quumf
1054 431 1058 438 ¹

94 445 189 501 obrem
201 448 312 515 utrique
324 450 447 499 nostrum
459 448 569 513 gratum
580 444 727 498 admodum
739 445 842 498 feceris.
904 449 906 453 ’

147 523 180 577 V.
201 527 239 582 17.
268 523 352 576 bunc.
371 523 430 590 Ego
450 537 515 575 vero
533 538 588 575 non
607 537 743 590 gravarer,
762 521 785 572 ei
803 521 869 573 mibi
887 521 945 590 ipse

95 598 274 662 confiderem
291 615 355 651 nam
366 600 395 652 et
406 597 546 666 preeclorn
557 614 603 652 res
614 602 663 665 est,
676 601 706 651 et
717 614 819 664 sumus,
831 601 863 651 ιιι
874 598 946 653 dixit

97 675 223 743 Fannius,
236 674 323 728 otiosi.
359 673 415 728 Sed
427 673 489 742 quis
500 689 552 741 ego
570 675 646 728 sumt
662 676 711 727 ιιιιι
724 691 794 742 quae
806 677 889 734 estin
900 695 946 733 me

95 750 228 804 facultest
264 750 413 804 Doctorum
425 753 468 804 est
485 749 540 803 ista
551 750 720 803 consuetudo
732 767 819 819 eaque
832 752 947 805 Graeco

95 843 156 879 rum
177 829 208 879 ut
228 825 262 878 iis
282 828 400 894 ponetur
420 825 456 878 de
475 840 530 892 quo
544 823 687 893 disputent
706 825 831 892 quamvis
848 825 945 879 subito

97 901 227 969 Magnum
251 916 318 969 opus
342 902 386 953 est
409 901 527 967 egetque
551 899 748 953 exercitatione
771 917 825 953 non
852 918 945 968 parve.

97 977 279 1043 Quamobrem
298 991 369 1044 quae
382 975 516 1044 disputari
533 974 708 1029 deamicitia
718 979 841 1044 possunt,
853 976 888 1028 eb
905 976 946 1029 cis

95 1068 192 1106 censeo
215 1053 317 1121 petatis
341 1051 388 1119 qui
411 1051 466 1104 ista
483 1051 653 1119 profitentur.
688 1050 747 1118 Itgo
770 1067 819 1104 vos
842 1049 946 1104 hortari

95 1130 203 1182 tantum
221 1143 332 1196 possum
352 1129 384 1180 ut
404 1125 551 1179 amicitiem
573 1126 697 1180 omnibus
721 1127 804 1182 rebus
820 1125 945 1180 humenis

95 1203 282 1273 anteponatis:
306 1201 373 1254 nihil
393 1205 437 1255 est
461 1201 534 1258 enim
551 1205 609 1256 tam
635 1205 749 1258 naturae
769 1205 863 1271 aptum
887 1207 946 1257 tom

95 1280 257 1333 conveniens
274 1277 311 1331 ed
329 1294 374 1331 res
391 1277 435 1331 vel
455 1278 588 1332 secundas
599 1277 643 1332 vel
660 1278 796 1332 adversos.
833 1285 871 1333 18.
890 1279 946 1333 Sed

95 1355 146 1409 hoc
169 1355 289 1422 primum
307 1353 395 1407 sentio
419 1353 472 1407 nisi
495 1354 523 1406 in
546 1354 626 1407 bonis
649 1354 796 1409 amicitiem
814 1370 874 1408 esse
891 1371 944 1408 non

95 1447 189 1500 posse3
205 1446 295 1499 neque
307 1428 385 1485 idad
396 1429 485 1483 vivum
498 1445 598 1497 reseco,
610 1432 643 1482 ut
654 1429 694 1483 illi
712 1430 760 1498 qui
777 1430 844 1483 haec
860 1429 945 1484 subti-

95 1507 148 1561 lius
160 1507 307 1574 disserimt,
315 1506 501 1560 fortassevere
513 1504 563 1559 sed
575 1505 611 1558 sd
620 1521 789 1560 communem
796 1506 944 1561 utilitatem
1052 1521 1055 1527 ’

95 1595 207 1651 purum;
224 1585 326 1650 negant
337 1581 408 1636 enim
421 1577 586 1650 quemquam
598 1581 686 1634 virum
703 1581 804 1634 bonum
816 1598 876 1634 esse
893 1582 945 1635 nisi

95 1659 255 1727 sapientem.
288 1656 330 1711 Sit
342 1657 381 1710 ita
395 1672 474 1719 sene;
492 1657 616 1710 sedeam
634 1656 794 1727 sapientiem
811 1658 946 1727 interpre-

26 1772 28 1777 -
95 1738 190 1789 tantur
203 1751 285 1804 quem
296 1733 385 1788 adhue
396 1732 520 1787 mortalis
536 1749 617 1787 nemo
628 1739 672 1786 est
686 1738 852 1789 consecutus.
886 1735 912 1788 N
915 1751 946 1790 os

96 1815 188 1865 eutem
209 1826 243 1864 ee
259 1826 330 1878 quae
348 1812 411 1863 sunt
431 1808 459 1861 in
477 1825 529 1862 usu
549 1808 661 1877 viteque
679 1810 821 1877 communi,
840 1827 894 1863 non
912 1828 946 1865 ea

95 1903 167 1956 quse
185 1885 326 1953 finguntur
343 1888 391 1939 cut
405 1888 542 1953 optantur,
554 1888 679 1953 spectare
698 1884 835 1939 debemus.
870 1888 896 1939 N
898 1904 945 1939 un-

95 1979 179 2033 quem
197 1978 248 2030 ego
267 1961 356 2015 dicam
375 1960 403 2014 O.
415 1960 578 2024 Fabricium,
592 1960 640 2013 Μ’.
655 1960 775 2026 Curium,
788 1962 828 2014 Τί.
842 1962 945 2014 Corun-

95 2040 210 2105 canium,
231 2054 299 2106 quos
320 2036 455 2105 sapientes
475 2036 560 2089 nostri
582 2034 701 2104 majores
719 2034 889 2104 judicabant,
907 2035 944 2090 ed

95 2117 210 2168 istorum
229 2130 351 2167 normam
371 2111 454 2165 brisce
470 2111 613 2179 sapientes.
650 2111 740 2175 Quare
757 2112 808 2165 sibi
826 2112 945 2167 habeant

96 2190 246 2258 sapientiae
257 2206 355 2242 nomen
368 2192 397 2241 et
408 2187 569 2241 invidiosum
581 2192 611 2241 et
619 2187 779 2253 obscurum
796 2189 945 2244 concedant

96 2270 128 2321 ut
140 2266 169 2319 hi
181 2265 245 2320 boni
258 2265 310 2318 viri
326 2264 434 2318 fuerint.
470 2264 495 2317 N
497 2263 558 2317 e'id
578 2264 690 2332 quidem
707 2264 818 2320 facient.
853 2266 879 2319 N
882 2282 945 2333 ege-

97 2342 168 2396 bunt
179 2342 209 2395 id
220 2340 273 2395 nisi
286 2340 403 2409 sepienti
420 2356 499 2407 posse
511 2341 629 2394 concedi.
667 2346 705 2393 19.
726 2342 848 2408 Agamus
860 2342 946 2409 igitur

97 2417 192 2485 pingui
204 2416 335 2483 Minerva,
346 2420 377 2470 ut
389 2415 473 2469 ciunt.
511 2416 563 2479 Qui
576 2415 614 2469 ite
627 2432 656 2469 se
673 2419 779 2482 gerrmt,
793 2414 832 2466 ita
843 2416 946 2481 vivunt,

97 2497 130 2547 ut
150 2510 244 2549 eorum
262 2493 394 2559 probetur
414 2491 490 2558 fides,
507 2491 660 2559 integritas,
673 2493 805 2560 aequites}
827 2491 946 2545 liberuli-

97 2574 147 2639 tes‚
156 2590 206 2628 nec
214 2572 286 2627 sitin
294 2572 332 2628 eis
340 2568 396 2623 ulls
403 2568 539 2636 cupiditas
546 2573 590 2625 vel
597 2570 682 2625 libido
689 2573 733 2625 vel
746 2570 867 2637 eudocia,
879 2570 946 2624 sint-
1052 2568 1057 2575 '

12 2652 13 2655 ’
98 2662 151 2714 que
162 2661 262 2713 magne
273 2645 432 2711 constantie,
442 2647 475 2697 ιιι
487 2644 506 2697 ii
515 2646 625 2698 fuenmt
634 2646 715 2697 modo
725 2661 793 2713 quos
800 2646 945 2712 nominavi,

96 2722 147 2775 hos
165 2722 237 2775 viros
252 2722 344 2787 bonos,
366 2724 397 2774 ut
415 2719 503 2773 habiti
522 2723 593 2788 sunt,
613 2721 651 2774 sic
670 2721 753 2774 etiam
769 2722 946 2790 appellandos

96 2801 232 2866 putemus,
261 2797 325 2866 quia
355 2797 503 2864 sequnntur
533 2800 665 2862 quantum
687 2797 809 2850 homiues
832 2801 947 2867 possunt

98 2876 223 2926 naturum
235 2872 365 2940 optimam
383 2871 453 2924 benc
465 2870 572 2923 vivendi
590 2872 693 2926 ducem.
728 2873 773 2928 Sic
791 2875 863 2928 enim
881 2874 948 2928 mihi

99 2947 253 3016 perspicere
271 2947 373 3013 videor,
392 2946 432 2997 ito
449 2948 529 2999 notos
550 2962 610 3000 esse
633 2965 683 3002 nos
705 2955 738 3004 ut
761 2951 835 3006 inter
854 2968 948 3005 omnes

99 3026 172 3077 esset
184 3023 299 3077 societas
308 3020 450 3088 quaedam,
458 3019 546 3087 major
554 3026 685 3078 autemut
695 3026 812 3095 quisque
824 3028 948 3096 proxime

99 3098 249 3153 accederet
285 3098 385 3163 Itaque
405 3095 476 3147 cives
494 3096 614 3163 potiores
632 3117 714 3168 quem
730 3104 874 3170 peregrini,
885 3118 948 3172 pro-

99 3173 194 3243 pinqui
213 3189 295 3241 quem
314 3170 412 3240 alieni:
439 3184 500 3221 cum
523 3167 568 3224 his
586 3173 657 3229 enim
678 3176 826 3231 amicitiem
849 3181 950 3232 natura
