2250 3450
78 123 110 172 12
309 119 347 168 Μ.
364 119 490 168 TULLII
508 117 700 168 CICERONIS

77 199 218 270 proprium
230 201 378 255 senectutis
389 200 485 255 vitium
504 203 554 267 est,
572 200 622 253 sed
635 215 778 255 commune
790 199 925 256 ualetudi-

78 277 126 330 nis.
162 277 250 341 Quam
268 276 321 329 fuit
340 275 491 330 imbecillus
511 276 539 330 P.
553 275 678 330 Africani
693 275 773 344 filius,
791 277 879 346 isqui
896 279 927 339 te

78 351 233 421 adoptavit!
264 368 347 420 quam
370 351 445 406 tenui
471 354 519 406 aut
542 351 618 405 nulla
640 351 731 420 potius
753 352 924 407 valetudine!

80 428 160 492 Quod
171 428 199 480 ni
210 429 250 481 ita
261 428 366 496 fuisset,
378 427 496 482 alterum
507 425 577 481 illud
588 425 740 482 exstitisset
755 428 848 482 lumen
863 428 926 482 eivi-

77 504 159 570 tatis3
177 503 214 557 ad
224 507 367 572 paternam
379 503 452 557 enirn
468 502 686 572 magnitudinem
702 503 786 557 animi
803 504 927 559 doctriua

78 579 189 634 uberior
208 582 370 634 accesserat.
405 578 478 644 Quid
497 579 597 633 mirum
616 579 702 648 igitur
720 579 885 646 insenibus,
903 579 927 632 si

79 654 179 708 infirmi
192 657 255 708 sunt
267 654 419 723 aliquando,
432 671 516 723 quum
528 654 557 708 id
569 671 605 710 ne
616 655 803 710 adolescentes
815 655 926 723 quidem

80 729 199 798 effugere
209 729 330 798 possintl
367 730 569 798 Resistendum,
582 731 658 785 Laeli
675 734 704 784 et
720 731 817 800 Scipio,
834 747 925 785 senec-

80 806 135 859 tuti
159 808 210 872 cst,
235 805 349 874 ejusque
372 805 439 859 vitia
461 805 605 874 diligentia
627 807 827 876 compensanda
849 810 925 860 sunt:

79 881 257 949 pugnandum
269 883 410 949 tamquam
425 883 520 934 eontra
535 881 661 935 morbum
675 884 712 936 sic
724 885 819 936 corba
836 899 928 937 senec

80 959 176 1010 tutem.
213 961 254 1010 36.
275 955 411 1008 Habenda
422 955 493 1008 ratio
504 955 684 1021 valetudinis3
704 958 838 1012 utendum
851 974 927 1012 exer-

80 1029 255 1085 citationibus
275 1029 402 1092 modicis;
420 1033 527 1084 tantum
545 1030 599 1084 cibi
618 1034 647 1084 et
661 1032 780 1098 potionis
797 1033 927 1086 adhiben-

81 1107 146 1161 dum
164 1109 197 1161 ut
214 1105 371 1160 reficiantur
389 1105 468 1172 vires,
486 1121 540 1158 non
558 1106 756 1174 opprimantur.
791 1108 817 1160 N
819 1124 850 1161 ec
861 1123 926 1162 vero

81 1182 187 1252 corpori
205 1181 255 1236 soli
274 1180 491 1242 subveniendum
509 1183 559 1248 est,
578 1181 628 1234 sed
644 1182 730 1235 menti
741 1186 825 1250 atque
836 1183 926 1236 animo

81 1258 168 1312 multe
184 1257 288 1326 magis;
305 1273 368 1312 nam
386 1256 453 1310 haec
471 1272 588 1325 quoque,
605 1256 657 1310 nisi
674 1260 815 1325 tamquam
832 1257 927 1312 lumini

81 1335 171 1388 oleum
193 1333 315 1400 instillas,
339 1332 551 1400 exstinguuntur
571 1335 720 1388 senectute.
756 1333 793 1386 Et
814 1349 928 1402 corpora

82 1409 193 1478 quidem
214 1408 409 1465 exercitatione
428 1409 634 1476 ingravescunt:
653 1407 738 1462 animi
772 1409 866 1462 autem
897 1426 928 1465 se

82 1484 234 1541 exercendo
245 1485 376 1540 levantur.
411 1483 484 1538 Nam
495 1499 564 1552 quos
576 1483 616 1537 ait
628 1483 762 1538 Caecilius

308 1561 478 1609 -—eomicos
496 1560 586 1609 stultos
603 1576 680 1621 senes,

82 1637 132 1692 hos
144 1638 279 1707 signifieat
296 1637 427 1706 credulos,
440 1639 591 1704 obliviosos,
602 1637 749 1694 dissolutos
756 1659 763 1705 ;
780 1655 851 1707 quae
862 1638 929 1693 vitia

83 1718 148 1769 sunt
164 1732 218 1768 non
235 1713 391 1781 senectutis,
411 1713 460 1768 sed
472 1713 577 1779 inertis,
595 1713 715 1783 ignarae,
734 1715 929 1769 somniculosae

83 1790 240 1845 senectutis.
275 1790 316 1843 Ut
334 1789 494 1859 petulantia,
511 1792 544 1842 ut
559 1788 644 1843 libido
661 1790 749 1859 magis
766 1794 810 1845 est
825 1791 929 1845 adoles
976 1797 981 1802 ”

83 1866 203 1925 centium
224 1881 306 1935 quam
330 1881 432 1932 senum,
451 1880 501 1918 nec
521 1867 614 1919 tamen
637 1867 757 1919 omnium
776 1867 929 1920 adolescen-

84 1941 161 2010 tium,
173 1940 286 1995 sednon
298 1940 459 2009 proborum;
477 1940 516 1994 sic
533 1940 588 1994 ista
606 1939 697 1995 senilis
715 1942 839 2010 stultitia,
859 1958 930 2010 quae

85 2017 210 2072 deliratio
226 2015 357 2085 appellari
377 2016 455 2084 solet,
473 2031 568 2069 senum
586 2016 687 2070 levium
705 2020 756 2085 est,
774 2034 828 2071 non
845 2017 931 2071 omui-

85 2109 139 2146 um.
175 2096 217 2151 37.
240 2092 376 2156 Quattuor
396 2090 523 2145 robustos
543 2091 621 2159 filios,
638 2092 760 2161 quinque
778 2093 853 2158 filias,
871 2096 931 2147 tan-

84 2172 142 2223 tem
154 2168 272 2235 domum,
288 2170 379 2221 tantas
396 2166 537 2221 clientelas
549 2166 658 2236 Appius
669 2167 784 2235 regebat
795 2171 824 2221 et
835 2183 931 2221 caecus

85 2248 116 2299 et
138 2260 228 2298 senex.
271 2242 413 2297 intentum
438 2241 510 2296 enim
532 2242 652 2296 animum
675 2245 815 2311 tamquam
838 2259 931 2296 arcum
996 2300 1000 2306 ,
1107 2275 1108 2278 =

84 2319 211 2387 habebat,
224 2335 275 2375 nec
285 2319 462 2387 languescens
474 2317 667 2372 succumbebat
679 2317 819 2372 senectuti.
846 2318 932 2372 'lene-

85 2396 135 2450 bat
157 2412 210 2450 nou
234 2394 315 2449 modo
337 2394 537 2462 auctoritatem,
562 2392 613 2446 sed
638 2393 721 2447 etiam
741 2393 885 2463 imperium
903 2393 932 2447 in

86 2488 162 2527 suos:
180 2470 339 2527 metuebant
356 2471 436 2535 sarri,
449 2469 617 2523 verebantur
633 2468 720 2537 liberi,
732 2485 825 2523 carum
839 2486 933 2523 omnes

86 2547 236 2603 habebant:
253 2546 364 2615 rigebat
381 2547 408 2600 in
424 2546 472 2599 illa
495 2545 576 2599 domo
599 2561 657 2599 mos
677 2546 783 2613 patrius
805 2549 835 2599 et
853 2545 934 2599 disci-

85 2624 166 2693 plina.
203 2629 243 2677 38.
274 2623 320 2676 Ita
343 2622 415 2675 enim
440 2623 566 2675 senectus
585 2619 700 2673 honesta
720 2623 762 2674 est
780 2620 804 2673 si
824 2637 855 2673 se
874 2622 934 2689 ipsa

87 2698 218 2764 defendit,
236 2697 259 2749 si
271 2696 319 2765 jus
335 2714 413 2749 sumn
429 2696 537 2761 retinet,
552 2695 576 2747 si
593 2693 696 2747 nemini
713 2695 868 2763 mancipata
884 2698 934 2764 est,

87 2775 110 2827 si
127 2772 267 2841 usquead
283 2771 409 2825 ultimum
426 2769 553 2839 spiritum
568 2768 725 2821 dominatur
742 2769 770 2821 in
788 2785 857 2823 suos.
892 2770 935 2825 Ut

87 2849 159 2903 enim
174 2846 375 2901 adolescentem
395 2846 423 2898 in
442 2860 496 2912 quo
512 2843 598 2897 senile
609 2842 721 2912 aliquid,
739 2844 777 2898 sic
795 2861 887 2899 senem
904 2846 934 2899 in

87 2941 142 2995 quo
158 2926 201 2977 est
216 2920 321 2989 aliquid
338 2918 519 2974 adolescentis
533 2917 635 2986 probo;
654 2918 728 2987 quod
744 2920 791 2989 qui
811 2922 935 2989 sequitur

87 3014 200 3068 corpore
212 3012 295 3051 senex
308 3011 368 3049 esse
378 2994 489 3064 poterit,
502 2993 593 3047 animo
603 3010 742 3062 nunquam
754 2996 817 3050 erit
845 2998 935 3066 Septi-

88 3091 149 3127 mus
167 3072 234 3127 mihi
250 3070 391 3139 Originum
408 3069 479 3123 liber
496 3072 538 3123 est
555 3069 584 3122 in
601 3069 740 3125 manibus:
758 3072 849 3125 omnia
865 3073 935 3127 anti-

89 3149 203 3219 quitatis
218 3150 393 3201 monumenta
404 3146 513 3213 colligo:
531 3160 674 3197 causarum
691 3145 838 3201 illustrium
856 3165 936 3216 qnas-
