2250 3450
132 149 165 197 to
358 148 396 197 M.
414 148 541 198 TULLII
564 150 757 199 CICERONIS

133 247 218 286 annos
236 246 296 284 esse
314 230 458 285 duxerunt.
494 231 575 296 Quod
592 233 636 286 est
653 231 740 284 multo
757 231 881 299 prolecto
897 233 986 300 magis

133 308 163 361 in
180 307 253 360 veris
270 306 395 376 patribus
416 307 553 375 certisque
575 305 738 360 faciendum.
774 304 892 360 Fructus
913 309 985 360 enim

131 386 237 456 [ingenii
252 389 281 439 et
294 384 405 438 virtutis
420 385 562 452 omnisque
576 384 763 452 praestantiae
778 387 838 438 tum
852 385 988 440 maximus

135 461 242 529 capitur
254 477 338 528 quum
350 460 379 512 in
391 460 546 527 proximum
558 475 697 527 quemque
708 460 854 513 confertur.

188 536 250 589 XX.
269 541 308 593 71.
328 535 368 589 Ut
382 535 466 602 igitur
480 534 500 586 ii
515 535 562 603 qui
579 538 643 588 sunt
659 535 687 587 in
707 535 843 588 amicitiae
860 535 988 604 conjunc-

134 612 274 679 tionisque
293 610 495 664 necessitudine
516 611 680 679 superiores,
701 627 855 679 exaequare
876 627 906 664 se
925 628 987 665 cum

134 686 307 740 inferioribus
326 686 437 753 debent,
456 685 495 740 sic
513 686 657 740 inferiores
672 703 725 739 non
742 687 836 741 dolere
853 704 882 740 se
898 687 988 740 asnis

135 765 183 815 aut
195 761 304 830 ingenio
317 765 365 815 aut
377 763 486 815 fortuna
498 765 546 815 aut
559 761 695 829 dignitate
706 763 837 830 superari
865 763 986 826 Quorum

134 838 257 906 plerique
286 841 335 890 aut
365 840 518 906 queruntur
548 853 656 905 semper
686 837 792 906 aliquid
821 842 869 892 aut
885 866 887 871 ·
902 838 986 892 etiam

135 913 319 982 exprobrant3
341 930 428 981 eoque
448 913 542 980 magis,
565 911 588 964 si
609 912 713 968 habere
737 930 767 971 se
790 918 889 982 putant
913 913 985 981 quod

135 988 251 1043 officiose
266 992 304 1042 ct
327 989 413 1042 amice
436 992 551 1056 etcum
575 987 668 1042 labore
692 989 783 1060 aliquo
809 1005 859 1042 suo
883 991 986 1043 factum

72 1109 76 1116 .
135 1065 355 1134 queant‘diccre.
392 1063 523 1117 Odiosum
544 1080 609 1117 sane
629 1081 716 1132 genus
735 1064 875 1118 hominum
899 1065 987 1119 officia

135 1140 367 1209 exprobrantium,
378 1156 448 1208 quae
458 1139 614 1194 meminisse
625 1139 710 1194 debet
722 1140 746 1193 is
757 1140 876 1209 inquom
888 1141 987 1195 collata

135 1218 206 1283 sunt,
218 1232 274 1270 non·
288 1232 500 1270 commemorare
518 1215 566 1283 qui
583 1215 706 1269 contulit.
744 1218 783 1272 72.
803 1215 986 1280 Quamobrem

135 1299 167 1346 ut
190 1291 209 1344 ii
236 1292 284 1361 qui
310 1291 465 1360 superiores
492 1295 556 1344 sunt
581 1291 746 1344 submittere
772 1308 802 1344 se
829 1291 933 1346 debent
958 1292 986 1345 in

135 1367 261 1435 amicitia,
280 1367 319 1422 sic
337 1367 455 1435 quodam
476 1367 557 1420 modo
578 1367 720 1420 inferiores
740 1366 879 1421 extollere.
916 1367 987 1422 Sunt

135 1444 207 1498 enim
220 1444 331 1513 quidam
344 1443 392 1513 qui
408 1443 537 1496 molestas
554 1443 688 1497 amicitias
705 1443 816 1511 faciunt,
833 1460 917 1512 quum
933 1443 986 1512 ipsi

136 1536 166 1573 se
177 1520 312 1574 contemni
324 1522 424 1587 putant
431 1539 438 1583 ;
450 1519 525 1586 quod
537 1535 591 1572 non
603 1519 660 1572 lere
672 1518 809 1586 contingit
822 1518 875 1571 nisi
890 1519 924 1571 111
939 1519 985 1587 qui

135 1597 218 1650 etiam
237 1595 450 1649 contemnendos
470 1611 500 1648 se
520 1593 705 1661 arbitrantur,·
718 1594 766 1663 qui
787 1593 838 1647 hac
859 1593 986 1662 opinione

136 1679 189 1725 non
210 1670 292 1725 modo
312 1670 404 1725 verbis
426 1670 579 1725 sedetiam
600 1687 683 1739 opere
707 1670 816 1725 levandi
839 1674 911 1726 sunt.
946 1674 986 1729 73.

136 1747 253 1801 Tantum
271 1751 363 1801 autem
381 1747 479 1815 cuique
497 1746 682 1814 tribuendum,
703 1747 829 1815 primum,
850 1750 985 1815 quantum

135 1823 194 1892 ipse
212 1822 318 1877 efficere
335 1822 439 1891 possis;
458 1821 558 1875 deinde
577 1822 668 1890 etiam,
686 1827 820 1891 quantum
838 1823 884 1877 ille
904 1840 986 1891 quem

136 1899 234 1965 diligas
252 1902 336 1965 atque
354 1896 468 1966 adjuves
487 1898 631 1951 sustinere.
669 1898 731 1952 Non
749 1898 822 1951 enim
839 1902 872 1952 11
891 1899 986 1967 possis,

136 1974 261 2043 quamvis
277 1973 341 2027 licet
358 1974 481 2037 excellas
498 1989 592 2027 omnes
609 1977 672 2027 tuos
689 1973 725 2027 ad
743 1972 860 2028 honores
877 1974 987 2043 amplis-

135 2050 219 2103 simos
234 2049 400 2118 perducere;
418 2052 450 2102 ut
460 2048 549 2117 Scipio
559 2049 590 2103 P.
601 2049 741 2117 Rupilium
749 2050 841 2118 potuit
849 2050 986 2104 consulem

135 2126 251 2192 efficere,
274 2126 388 2179 fratrem
416 2124 475 2192 ejus
502 2125 617 2179 Lucium
643 2142 697 2178 non
722 2125 821 2194 potuit
857 2126 937 2190 Quod
963 2126 985 2178 si

135 2204 219 2257 etiam
233 2201 321 2271 possis
336 2201 444 2270 quidvis
461 2201 570 2256 deleme
586 2202 761 2269 adulterum,
778 2201 927 2277 videndum
943 2206 987 2256 est

135 2280 227 2333 tamen
241 2278 308 2347 quid
321 2278 368 2331 ille
381 2278 468 2346 possit
483 2278 625 2332 sustinere.
661 2284 700 2335 74.
719 2276 837 2331 Omnino
851 2278 987 2348 amicitiae

135 2354 317 2409 corroboratis
324 2354 385 2423 jam
397 2354 619 2424 confirmatisque
634 2357 663 2408 11
677 2354 792 2421 ingeniis
806 2358 836 2407 11
849 2353 988 2407 aetatibus

132 2430 299 2497 judicandae
318 2434 390 2498 sunt,
409 2448 460 2485 nec
473 2430 496 2483 si
512 2431 560 2499 qui
577 2431 689 2484 ineunte
706 2432 798 2483 aetate
810 2429 927 2482 venandi
938 2433 988 2483 aut

135 2507 206 2575 pilae
220 2506 336 2560 studiosi
349 2507 468 2573 fuerunt,
483 2524 530 2561 eos
544 2506 647 2559 habere
661 2505 827 2559 necessarios
843 2521 911 2574 quos
927 2508 987 2559 tum

99 2578 102 2587 '
136 2582 232 2635 codem
258 2582 350 2636 studio
373 2583 514 2651 praeditos
539 2582 714 2647 dilexerunt;
737 2580 790 2635 isto
813 2580 885 2633 enim
905 2580 987 2633 modo

135 2657 256 2711 nutrices
274 2662 302 2712 et
320 2658 470 2726 paedagogi
484 2656 550 2725 jure
572 2658 718 2711 vetustatis
738 2656 885 2725 plurimum
906 2655 988 2709 bene·

135 2733 270 2787 velentiae
282 2733 471 2802 postulabunt:
490 2734 537 2801 qui
549 2734 704 2801 negligendi
717 2733 829 2802 quidem
845 2749 899 2786 non
915 2735 987 2799 sunt,

136 2809 187 2862 sed
205 2808 258 2861 alio
279 2810 398 2877 quodam
419 2810 515 2863 modo:
537 2808 618 2863 aliter
638 2809 774 2862 amicitiae
796 2806 908 2861 stabiles
928 2824 989 2875 per-

136 2899 248 2937 manere
269 2900 323 2937 non
345 2878 467 2952 possunt.
504 2884 634 2952 Dispares
658 2885 730 2937 enim
753 2901 844 2937 mores
868 2883 988 2952 disparia

137 2958 228 3012 studia
248 2962 401 3026 sequuntur
421 2975 537 3027 quorum
558 2959 751 3013 dissimilitudo
773 2960 901 3013 dissociat
921 2958 989 3013 ami-

137 3034 233 3096 citias3
259 3050 310 3087 nec
335 3034 370 3087 ob
400 3034 481 3087 aliam
507 3050 616 3089 causam
644 3035 728 3089 ullam
753 3034 818 3088 boni
847 3032 987 3103 improbis,

137 3108 254 3178 improbi
270 3108 348 3162 bonis
362 3110 441 3163 amici
457 3126 518 3163 esse
534 3127 590 3164 non
607 3115 729 3180 possunt,
746 3111 798 3164 nisi
817 3110 893 3180 quod
910 3113 990 3164 tanta

137 3188 181 3237 est
195 3185 328 3237 intereos
342 3188 446 3264 quanta
459 3185 579 3239 11111111
592 3190 685 3254 potest
701 3203 762 3241 esse
778 3202 884 3239 morum
900 3186 989 3240 studi-
