2250 3450
99 152 129 200 62
439 151 611 200 EPISTOLA
623 172 631 182 ¹

98 244 205 310 putare.
240 240 313 306 Quid
334 243 377 296 est
397 241 470 296 enim
492 241 597 310 negotii
620 242 759 296 continere
782 258 829 297 eoa
852 234 953 312 quibus

98 317 210 386 praesis,
232 317 255 371 si
275 320 304 371 10
322 317 381 386 ipse
399 317 556 372 contineas?
594 318 629 372 Id
652 322 745 372 autem
764 318 802 373 sit
820 335 950 387 magnum

98 396 127 447 et
145 393 255 448 difficile
269 393 376 461 ceteris,
391 393 461 447 sicut
482 397 525 447 011
547 393 750 449 difficillimum:
772 394 824 448 tibi
846 398 876 448 01
898 395 951 449 fuit

98 471 149 524 hoc
166 487 273 538 semper
289 470 445 523 facillimum
458 473 562 524 atvero
575 480 635 524 esse
646 468 751 540 debuit,
763 471 841 540 cujus
853 475 952 525 natura

98 545 162 600 talis
174 549 262 600 estut
274 545 357 599 etiam
374 545 431 599 sine
448 545 572 600 doctrina
584 545 711 599 videatur
729 547 872 601 moderata
891 564 951 602 0110

97 621 238 691 potuisse3
262 637 295 675 ea
319 624 425 676 autem.
443 620 566 675 adhibita
589 621 715 675 doctrina
745 626 789 677 011
812 640 883 691 quae
907 625 951 678 vel

98 697 301 752 vitiosissimam
321 700 446 750 naturam
466 697 589 751 excolere
608 698 704 766 possit.
740 699 782 752 Tu
800 716 885 768 quum
904 717 951 769 pe-

97 774 198 841 cuniae,
211 789 296 841 quum
309 772 452 840 voluptati,
465 779 549 840 quum
563 773 684 826 omnium
698 791 790 828 rerum
804 775 951 843 cupiditati

97 849 210 903 resistes
234 851 266 904 ut
289 847 443 916 sumserit,
468 848 557 916 eredo,
577 849 727 916 periurium
746 868 781 904 ne
796 850 951 920 improbum

97 925 303 992 negotiatorem,
311 923 401 993 paullo
410 922 577 991 cupidiorem
586 922 759 991 publicanum
771 925 951 993 comprimere

97 1001 257 1069 nonpossis.
292 1000 364 1054 Nam
383 999 481 1054 Graeci
502 998 615 1068 quidem
639 999 678 1052 sic
700 1003 731 1054 te
750 1000 790 1054 ita
812 1001 950 1055 viventem

97 1076 278 1130 intuebuntur
305 1080 338 1131 ut
360 1074 498 1144 quendam
528 1091 563 1128 ex
586 1074 722 1129 annalium
745 1077 877 1131 memoria
901 1082 951 1131 aut

98 1152 182 1206 otiam
198 1152 234 1206 dc
252 1153 326 1207 caelo
346 1151 465 1205 divinum
489 1151 626 1204 hominem
649 1167 710 1205 esse
732 1152 761 1205 in
783 1152 950 1222 provinciam

99 1228 239 1298 delapsum
251 1231 359 1298 putent.
395 1233 418 1282 8.
438 1229 533 1297 Atque
551 1225 620 1280 haec
640 1244 718 1295 nunc,
739 1245 794 1281 non
812 1231 845 1282 ut
867 1229 950 1282 facias

98 1304 148 1358 sed
158 1308 190 1358 ut
203 1308 232 1358 10
243 1305 333 1358 facere
345 1306 375 1357 et
386 1303 482 1358 iecisse
500 1303 632 1371 gaudeas,
645 1303 741 1357 scribo.
778 1304 949 1358 Praeclarum

99 1383 142 1434 est
153 1380 225 1434 enirn
238 1396 342 1434 summo
354 1396 417 1433 cnm
433 1379 548 1447 imperio
563 1379 649 1433 fuisse
667 1379 696 1432 in
716 1381 783 1433 Asia
802 1379 949 1434 triennium

99 1455 137 1510 sic
148 1459 181 1509 ut
196 1456 300 1509 nullum
312 1459 341 1510 te
354 1456 469 1524 signum,
482 1454 556 1510 nulla
568 1455 682 1524 pictura,
694 1455 798 1509 nullum
810 1472 864 1521 vas,
875 1456 950 1509 nulla

100 1528 191 1599 vestis,
209 1531 313 1584 nullum
325 1531 496 1599 mancipium,
509 1532 584 1584 nulla
594 1531 682 1596 forma
694 1530 863 1600 cujusquam,
875 1532 950 1585 nulla

98 1607 217 1661 conditio
229 1607 366 1675 pecuniae,
381 1607 480 1676 quibus
492 1606 575 1660 rebus
591 1606 715 1661 abundat
730 1607 784 1661 ista
802 1607 948 1676 provincia,

61 1737 72 1743 ,
98 1681 134 1737 ab
157 1699 261 1737 summa
291 1683 453 1751 integritate
482 1682 706 1753 continentiaque
736 1681 891 1738 deduxerit.
925 1689 950 1739 9.

100 1758 173 1825 Quid
183 1762 275 1813 autem
287 1759 402 1828 reperiri
414 1763 472 1813 tam
484 1759 615 1833 eximium
627 1765 676 1814 ant
687 1763 745 1814 11111
762 1761 948 1829 expetendum
1005 1764 1008 1769 '

98 1837 190 1902 potest
203 1850 285 1902 quam
296 1835 377 1889 istam
389 1834 527 1902 virtutem,
543 1829 760 1889 moderationem
775 1836 865 1901 animi,
881 1840 950 1890 tem·

99 1910 251 1979 perantiam
268 1927 322 1964 non
340 1910 426 1965 latere
439 1910 468 1964 in
487 1911 610 1965 tenebris
626 1928 716 1980 neque
737 1929 798 1967 esse
819 1912 949 1980 abditam,

99 1986 189 2040 sedin
201 1986 261 2052 luce
274 1986 364 2053 Asiae,
376 1986 403 2039 in
415 1986 499 2040 oculis
515 1987 680 2041 clarissimae
693 1988 855 2056 provinciae,
867 1991 950 2057 atque

98 2062 247 2117 inauribus
258 2062 377 2115 omnium
394 2062 517 2131 gentium
532 2080 564 2117 ao
579 2064 720 2117 nationum
736 2080 797 2118 0110
815 2065 949 2132 positam?

98 2156 151 2192 non
181 2138 325 2193 itineribus
345 2138 402 2192 tuis
424 2140 574 2207 perterreri
597 2139 738 2194 hominesl
762 2156 815 2193 non
839 2142 949 2208 sumptu

98 2215 256 2271 exhauriri?
285 2231 339 2268 non
358 2214 478 2269 adventu
501 2215 683 2270 commoverit
710 2232 770 2270 0110
789 2232 950 2285 quocunqne

97 2292 206 2346 veneris
217 2294 247 2345 ot
257 2290 365 2359 publice
378 2293 407 2344 et
418 2290 545 2358 privatim
557 2292 704 2345 maximam
714 2292 857 2360 laetitiam,
866 2308 950 2359 quum

97 2368 164 2422 urbs
186 2367 329 2423 custodem
353 2383 406 2421 non
434 2370 585 2436 tyrannum,
609 2367 707 2424 domus
733 2367 868 2437 hospitem
895 2383 950 2420 non

98 2445 284 2514 expilatorem.
290 2445 425 2513 recepisse
437 2443 583 2498 rideatur?

150 2522 207 2575 III.
221 2527 260 2576 10.
273 2521 327 2575 His
339 2525 430 2575 autem
441 2520 470 2573 in
482 2519 566 2574 robus
573 2519 633 2588 jam
645 2523 674 2574 te
685 2536 751 2573 usus
760 2519 819 2587 ipse
828 2520 950 2587 proiecto

97 2597 218 2652 erudivit
238 2607 412 2666 nequaquam
436 2595 503 2650 satis
526 2612 587 2649 esse
610 2595 700 2663 ipsum
722 2595 772 2647 has
795 2598 824 2648 10
847 2594 950 2648 habere

97 2672 220 2740 virtutes,
233 2672 282 2727 sed
294 2688 354 2725 esse
366 2670 638 2739 circumspiciendum
650 2669 798 2738 diligenter
808 2673 841 2724 ut
855 2670 883 2722 in
899 2669 950 2723 1110

98 2746 393 2815 eustodiaprovinciae
410 2763 464 2799 non
482 2750 511 2800 10
527 2763 612 2799 unum
630 2746 680 2799 sed
697 2762 792 2800 omnes
811 2746 951 2799 ministros

98 2822 206 2891 imperii
224 2823 265 2877 tui
283 2822 362 2875 sociis
380 2826 409 2876 ot
426 2822 530 2875 civibus
551 2825 580 2875 et
600 2822 641 2877 rei
661 2822 786 2891 publicae
809 2824 951 2891 praestare

98 2899 215 2957 videare.
251 2897 422 2967 Quamquam
438 2898 543 2966 legatos
558 2898 644 2952 habes
660 2915 706 2952 eos
724 2899 771 2967 qui
787 2899 840 2966 ipsi
855 2914 905 2968 per
921 2914 952 2951 se

99 2970 220 3027 babituri
233 2972 288 3026 sint
300 2973 433 3027 rationem
446 2972 589 3041 dignitatis
601 2992 674 3042 suae,
687 2974 723 3027 de
735 2973 836 3043 quibus
848 2973 952 3027 honore

99 3053 128 3102 01
141 3049 276 3117 dignitate
291 3050 320 3101 01
337 3051 429 3102 101110
445 3053 569 3117 praestat
587 3051 701 3115 Tubero,
714 3067 796 3119 quem
813 3066 865 3118 ego
880 3048 952 3103 arbi-

99 3128 165 3192 tror,
189 3122 353 3193 praesertim
377 3140 461 3191 quum
486 3126 589 3180 scribat
612 3126 762 3191 historiam
785 3126 888 3179 multos
917 3142 953 3179 ex

19 3240 22 3242 >
101 3198 156 3251 suis
167 3198 308 3252 annalibus
320 3213 400 3266 posse
412 3199 532 3268 deligere
544 3218 614 3271 quos
621 3201 690 3256 velit
699 3205 729 3256 01
736 3202 824 3269 possit
832 3200 952 3257 imitari:

1102 19 1110 268 1

1095 271 1111 309 η
