2250 3450
121 192 152 252 20
343 192 381 240 M.
399 189 534 250 TULLII
543 188 733 238 CICERONIS

114 297 116 300 ·
171 271 266 325 XVII.
285 277 325 326 59
344 271 447 325 Multas
459 272 495 325 ad
507 287 552 325 res
564 270 697 338 perutiles
706 269 896 338 Xenophontis
904 270 969 324 lrbn

121 349 191 414 sunt,
211 363 279 416 qnos
299 348 390 415 legite,
413 363 521 416 quaeso,
543 345 673 413 studiose,
692 349 725 399 ut
745 346 844 400 facitis.
880 345 968 410 Quam

121 423 226 491 copiose
238 423 273 477 ab
285 440 317 478 oo
329 424 496 492 agricultura
508 421 657 477 laudatur
649 438 678 475 ιιι
690 438 723 476 eo
734 421 805 475 libro
818 422 865 490 qui
877 426 921 475 est
933 423 969 476 do

120 499 221 553 tuenda
234 515 265 553 re
281 499 415 566 familiari,
428 499 475 567 qui
494 497 689 552 Oeconomicus
706 497 878 552 inscribitur!
918 501 969 554 At·

121 591 172 642 que
185 579 217 629 ut
233 575 393 642 intelligatis
410 575 476 627 nihil
491 574 516 629 ei
532 577 590 628 tam
606 574 697 642 regale
709 573 797 628 videri
814 591 897 643 quam
911 578 968 628 stu·

120 649 194 704 dium
214 651 274 719 agri
293 651 406 716 colendi,
428 651 554 705 Socrates
573 650 602 704 in
623 667 657 704 eo
675 648 745 715 libro
764 650 888 720 loquitur
906 668 967 705 cum

120 725 269 794 Critobulo,
282 727 383 796 Cyrum
397 727 537 793 minorem,
550 742 644 794 regem
658 726 812 793 Persarum,
827 732 968 794 praestan-

119 805 174 856 tem
186 802 293 871 ingenio
306 805 390 871 atque
404 802 512 870 imperii
526 801 621 870 gloria,
635 818 719 870 quum
735 801 874 871 Lysander
886 803 968 858 Lace

119 877 275 933 daemonius
289 879 331 932 ιιι
348 894 469 932 summae
480 877 592 932 virtutis
604 879 724 932 venisset
740 878 776 931 ad
793 895 855 933 eum
873 880 967 934 Sardis

118 954 198 1022 eiquo
214 954 285 1009 dona
302 972 319 1009 a
335 955 413 1008 sociis
430 953 577 1020 attulisset,
590 956 620 1008 et
635 954 734 1008 ceteris
751 955 780 1008 in
797 955 880 1009 rebus
896 973 967 1009 corn-

118 1046 227 1084 munem
245 1047 310 1100 erga
328 1031 498 1100 Lysandrum
516 1033 601 1098 atque
617 1031 764 1084 humanum
782 1031 874 1098 fuisse,
894 1036 923 1086 et
941 1033 966 1086 ei

118 1106 254 1174 quendam
265 1110 442 1176 consaeptum
458 1123 554 1174 agrum
567 1105 715 1174 diligenter
728 1107 862 1159 consitum
876 1111 966 1160 osten-

118 1181 197 1236 disse.
235 1183 324 1247 Quum
340 1186 433 1237 autem
448 1183 631 1236 admiraretur
647 1181 786 1250 Lysander
802 1186 831 1235 et
847 1184 966 1250 proceri-

117 1261 190 1312 tates
213 1259 340 1313 arborum
362 1263 391 1312 et
412 1258 532 1312 directos
555 1257 584 1310 in
605 1257 783 1326 quincuncem
806 1258 916 1312 ordines
936 1263 966 1313 et

117 1333 229 1388 humum
247 1333 387 1388 subactam
405 1337 489 1402 atque
506 1350 603 1401 puram
622 1336 652 1386 et
669 1333 832 1388 suavitatem
850 1334 965 1388 odorum

118 1410 165 1479 qui
183 1411 341 1464 afflarentur
357 1427 375 1464 e
394 1409 513 1475 floribus,
532 1413 592 1464 tum
613 1426 675 1464 eum
694 1410 804 1478 dixisse,
822 1411 916 1464 mirari
935 1427 965 1464 se

116 1502 169 1539 non
187 1488 268 1540 modo
283 1486 453 1554 diligentiam
471 1485 521 1538 sod
537 1485 621 1540 etiam
637 1486 786 1540 sollertiam
804 1486 865 1555 ejus
880 1502 897 1539 a
911 1502 965 1555 quo

117 1566 208 1616 essent
219 1563 266 1615 illa
275 1563 398 1615 dimensa
411 1567 494 1630 atque
503 1561 651 1631 discripta3
667 1567 697 1618 et
708 1564 732 1618 ei
743 1564 844 1632 Cyrum
855 1579 965 1632 respon-

117 1637 204 1692 disse:
228 1638 315 1706 Atqui
330 1655 380 1707 ego
395 1637 486 1691 omnia
503 1637 558 1691 ista
576 1655 637 1691 sum
651 1639 807 1704 dimensus;
828 1639 882 1692 mei
901 1639 965 1692 sunt

117 1714 233 1783 ordines,
248 1731 309 1769 mea
320 1713 478 1784 discripti0;
495 1712 598 1769 multae
611 1715 694 1769 ctiam
708 1715 822 1768 istarum
837 1712 964 1767 arborum

116 1807 177 1844 moa
189 1808 271 1845 manu
282 1794 346 1845 sunt
358 1794 440 1845 satae.
472 1790 541 1843 Tum
554 1789 725 1858 Lysandrum
737 1790 888 1844 intuentem
900 1806 964 1857 pur-

116 1884 212 1936 puram
229 1868 288 1935 ejus
304 1871 333 1922 et
349 1868 467 1921 nitorem
485 1865 606 1934 corporis
624 1868 805 1931 ornatumque
823 1864 963 1917 Persicum

116 1944 203 1997 multo
221 1960 287 1997 auro
307 1943 456 2011 multisque
480 1941 596 2010 gemmis
616 1940 734 2004 dixisse;
759 1938 824 1993 Rite
842 1955 906 1993 vero
926 1943 963 2007 te,

118 2020 194 2087 Cyre,
208 2020 319 2074 beatum
333 2019 432 2086 ferunt,
445 2018 573 2086 quoniam
587 2016 686 2071 virtuti
699 2018 765 2069 tuae
778 2015 888 2077 fortuna
903 2033 964 2070 con-

112 2094 210 2164 juncta
227 2099 276 2150 est
312 2100 352 2149 60.
379 2094 439 2147 Hac
456 2093 541 2161 igitur
559 2093 669 2146 fortuna
686 2091 739 2144 frui
756 2090 821 2145 licet
839 2091 963 2159 senibus;

116 2188 166 2224 nec
180 2174 255 2225 aetas
271 2169 386 2239 impedit
401 2184 454 2237 quo
470 2168 559 2221 minus
575 2170 604 2222 et
617 2171 770 2221 ceteramm
784 2184 875 2221 rerum
890 2173 919 2222 et
934 2168 962 2221 in

115 2246 210 2315 primis
224 2247 283 2315 agri
299 2244 404 2299 colendi
419 2243 511 2296 studia
525 2246 668 2297 teneamus
684 2244 819 2312 usquead
835 2244 961 2298 ultimum

116 2325 225 2391 tempus
237 2321 393 2376 senectutis.
430 2318 467 2371 M.
480 2319 593 2387 quidem
609 2319 744 2373 Valerium
758 2320 874 2374 Corvum
888 2336 963 2373 acce-

115 2398 205 2466 pimus
224 2396 260 2451 ad
278 2396 457 2450 centesimum
477 2412 578 2449 annum
597 2395 767 2465 perduxisse,
786 2413 870 2464 quum
891 2398 965 2450 esset

116 2476 178 2527 acta
185 2472 245 2541 jam
257 2474 349 2527 aetate
360 2471 388 2524 in
401 2472 473 2539 agris
486 2488 587 2540 eosque
600 2472 716 2538 ooleret;
733 2472 811 2541 cujus
824 2473 897 2526 inter
908 2472 965 2540 pri-

116 2565 190 2601 mum
203 2552 232 2603 et
247 2551 355 2602 sextum
367 2547 537 2602 consulatum
553 2565 601 2602 sex
614 2552 643 2602 et
655 2515 838 2638 quadraginta
851 2548 914 2601 anni
926 2547 964 2599 in-

116 2624 348 2679 terfuerunt.1ta
360 2627 493 2695 quantum
506 2626 626 2695 spatium
638 2626 738 2679 aetatis
735 2625 867 2712 majoros
877 2622 965 2678 nostri

116 2701 153 2754 ad
167 2702 314 2755 senectutis
332 2701 441 2755 initium
458 2718 518 2756 esse
535 2702 687 2769 voluerunt,
702 2685 796 2756 tantus
812 2701 852 2754 illi
870 2715 964 2754 cursus

115 2776 248 2830 honorum
266 2777 334 2843 fuit3
307 2781 486 2847 tyatque
462 2795 522 2831 eus
542 2782 666 2832 extrema
685 2782 761 2832 aetas
782 2777 835 2830 hoc
857 2776 965 2830 beatior

116 2868 198 2919 quam
210 2854 308 2921 media,
321 2853 394 2924 quod
406 2795 578 2908 auctdritatis
589 2854 709 2908 habebat
719 2854 788 2923 plus,
800 2851 901 2907 laboris
915 2852 964 2904 mi—

116 2944 176 2982 uus.
202 2928 283 2997 Apex
296 2934 339 2984 ost
351 2934 442 2985 autom
456 2931 604 2985 senectutis
615 2930 771 2983 auctoritas.
798 2934 839 2983 61.
857 2928 965 2993 Quanta

116 3003 169 3057 luit
188 3003 217 3057 in
236 3004 266 3059 L.
279 3006 396 3061 Caecilio
412 3006 539 3061 Metello!
564 3008 667 3074 quanta
685 3004 714 3058 in
733 3005 821 3060 Atilio
839 3003 965 3058 Calatino

116 3078 144 3131 in
164 3097 245 3149 quem
260 3083 329 3136 illud
349 3082 465 3151 elogium
485 3081 609 3135 unicum:
635 3081 773 3135 Plurimae
792 3078 965 3134 consentiunt

117 3160 211 3221 gentes
223 3158 316 3226 populi
330 3157 491 3227 primarium
506 3157 592 3211 fuisse
604 3156 702 3210 virum.
737 3157 763 3209 N
765 3160 841 3211 otum
853 3158 897 3210 est
908 3169 966 3207 car-

149 3246 179 3285 ru
196 3232 312 3291 incisum
328 3235 358 3291 in
375 3234 507 3306 sepulcro.
542 3234 614 3288 duro
627 3232 711 3302 igitur
727 3232 818 3301 gravis
835 3229 914 3299 cnjus
929 3228 965 3283 de
