2250 3450
354 163 520 212 LAELIUS.
556 163 635 212 OAP.
653 163 748 213 XXII.
766 163 873 213 XXIII.
1001 162 1033 216 53

176 249 353 303 verebuntur.
396 245 423 298 N
425 262 469 299 am
492 244 644 299 maximum
674 250 865 301 ornamentum
895 245 1033 303 amicitiae

177 325 250 379 tollit
262 324 310 392 qui
324 340 358 377 ex
378 339 412 376 ea
430 321 504 376 tollit
522 321 722 376 verecundiam
766 329 807 379 83.
833 323 933 394 Itaque
952 326 981 379 in
1000 326 1034 378 iis

176 400 344 469 perniciosus
363 402 406 454 est
427 414 504 452 error
524 399 572 466 qui
595 399 755 454 existimant
774 399 920 454 libidinum
940 418 1035 470 pecca

176 480 322 545 torumque
335 475 455 530 omnium
467 478 563 544 patere
577 475 607 528 in
620 475 741 529 amicitia
754 476 901 532 licentiam.
937 477 1034 532 Virtu-

176 557 236 607 tum
249 552 369 607 amicitia
381 551 536 620 adjutrixa
553 555 654 606 natura
674 551 740 606 data
758 555 809 620 est,
830 569 885 606 non
904 552 1034 607 vitiorum

176 644 275 697 comes,
296 633 336 698 ut,
357 628 486 697 quoniam
508 627 629 682 solitaria
652 644 706 683 non
728 632 822 696 posset
839 628 927 682 virttis
945 629 982 683 ad
1002 647 1035 684 ea

177 721 248 774 quae
270 721 374 759 summa
396 708 460 759 sunt
484 704 635 773 pervenire,
659 704 805 772 conjuncta
828 707 857 758 et
881 706 1035 760 consociata

176 796 238 834 oum
247 780 334 834 altera
345 780 518 848 pervenirett
536 780 638 849 quaesi
646 797 715 849 quos
723 781 797 836 inter
806 780 922 835 societas
933 785 982 836 aut
991 785 1035 836 est

177 859 226 910 aut
237 857 291 910 luit
303 860 351 911 aut
363 857 456 910 futura
468 860 519 926 est,
532 873 626 911 eorum
639 860 683 910 est
697 856 839 911 habendus
851 857 887 910 ad
899 874 1035 912 summum

176 936 292 986 naturae
304 932 404 987 bonum
422 933 541 1002 optimus
557 931 786 1002 beatissimusque
802 932 955 988 comitatus
991 940 1034 988 84.

178 1007 256 1062 Haec
271 1011 321 1076 est,
335 1009 454 1078 inquam,
475 1009 592 1062 sodetas
610 1007 638 1061 in
660 1009 823 1078 quaomnia
844 1008 938 1065 insunt
962 1026 1034 1079 quae

176 1086 276 1152 putant
288 1084 410 1138 homines
423 1083 586 1154 expetenda,
597 1084 733 1152 honestas,
745 1084 839 1152 gloria,
847 1085 1034 1155 tranquillitas

177 1155 262 1212 animi
277 1163 362 1229 atque
375 1159 542 1228 jucunditas,
561 1163 595 1214 ut
609 1163 646 1226 et,
659 1176 745 1228 quum
757 1160 825 1214 haec
836 1161 936 1228 adsint,
951 1160 1035 1216 beata

177 1234 235 1288 rita
247 1235 290 1303 sit,
304 1238 333 1290 et
345 1236 403 1289 siue
418 1235 461 1288 his
478 1251 538 1290 esse
556 1252 611 1289 non
630 1235 724 1304 possit.
760 1234 839 1300 Quod
861 1253 946 1305 quum
966 1239 1035 1306 opti-

177 1327 251 1364 mum
269 1312 472 1380 maximumque
493 1311 536 1377 sit,
559 1311 583 1364 si
605 1310 778 1364 idrolumus
798 1310 919 1380 adipisci,
937 1311 1033 1364 virtuti

177 1402 261 1455 opera
273 1386 365 1440 danda
383 1389 433 1452 est,
447 1387 505 1440 sine
526 1403 581 1454 qua
602 1401 652 1440 nec
673 1387 821 1440 amicitiam
842 1402 933 1456 neque
950 1386 1033 1440 ullam

177 1478 237 1516 rem
249 1461 432 1530 expetendam
444 1462 574 1530 consequi
590 1478 750 1531 possumus:
769 1479 801 1516 ea
816 1479 881 1516 vero
900 1463 1034 1530 neglecta,

178 1537 226 1608 qui
238 1553 268 1591 se
277 1537 377 1590 amicos
386 1536 488 1590 habere
497 1537 677 1606 arbitrantur,
684 1541 746 1592 tum
758 1555 788 1592 se
795 1538 916 1607 denique
925 1555 1034 1592 errasse

178 1613 301 1667 sentiunt
320 1628 404 1682 quum
421 1629 467 1666 eos
480 1613 572 1681 gravis
588 1613 688 1683 aliquis
708 1631 787 1668 casus
808 1614 927 1684 experiri
948 1613 1032 1682 cogit.

178 1695 219 1746 85.
238 1689 378 1757 Quocirca,
391 1689 539 1744 dicendum
551 1692 596 1745 est
614 1690 688 1744 enim
699 1690 815 1759 saepius,
828 1707 914 1761 quum
928 1689 1034 1760 judica

177 1766 258 1833 veris,
276 1766 393 1834 diligere
408 1769 534 1835 oportet3
552 1784 615 1834 non,
637 1783 721 1835 quum
744 1767 882 1831 dilexeris,
898 1766 1034 1835 judicare.

180 1842 235 1897 Sed
247 1858 331 1911 quum
344 1842 439 1895 multis
458 1842 487 1895 in
508 1840 592 1897 rebus
611 1842 780 1910 negligentia
797 1843 952 1911 plectimur,
971 1846 1031 1897 tum

178 1918 297 1972 maxime
309 1918 336 1971 in
357 1918 452 1971 amicis
471 1920 501 1971 et
520 1918 675 1986 deligendis
698 1921 728 1974 et
747 1918 886 1985 colendis3
909 1935 1035 1987 praepos

178 1994 246 2047 teris
262 1994 334 2048 euim
347 1994 452 2047 utimur
469 1993 589 2048 consiliis
600 1997 630 2048 et
644 1997 708 2058 acta
728 1993 841 2062 agimus,
863 1994 938 2063 quod
960 1997 1035 2048 veta·

178 2086 241 2123 mur
265 2073 359 2124 vetere
378 2067 532 2137 proverbio.
567 2069 640 2123 Nam
658 2068 790 2138 implicati
814 2070 888 2123 ultro
912 2072 942 2124 et
965 2070 1034 2123 citro

178 2144 221 2199 vel
240 2161 291 2199 usu
307 2144 437 2199 diuturno
456 2145 500 2199 vel
519 2144 604 2199 etiam
628 2145 723 2199 officiis
746 2148 863 2215 repente
885 2144 915 2198 in
941 2144 1034 2199 medio

179 2236 260 2274 cursu
272 2220 406 2274 amicitias
418 2223 514 2275 exorta
525 2220 618 2289 aliqua
629 2220 775 2274 offensione
788 2220 977 2289 dirumpimus.

194 2312 195 2317 ¹
231 2296 345 2351 XXIII.
364 2302 404 2351 86.
438 2296 498 2361 Quo
517 2296 602 2350 etlam
622 2296 709 2365 magis
727 2295 910 2366 vituperanda
929 2296 1033 2351 estrei

178 2371 296 2427 maxime
309 2371 478 2426 necessariae
490 2374 571 2427 tanta
588 2371 700 2426 incuria.
735 2372 800 2426 Una
818 2376 862 2427 est
879 2372 953 2425 enim
967 2373 1034 2425 ami-

179 2448 245 2502 citia
256 2449 284 2501 in
296 2448 380 2503 rebus
392 2448 516 2503 humanis
528 2448 564 2503 de
576 2449 655 2519 cujus
667 2448 789 2504 utilitate
805 2465 899 2504 omnes
915 2465 971 2503 uno
987 2465 1035 2503 ore

180 2524 367 2579 consentiunt:
387 2541 552 2594 quamquam
571 2542 589 2578 a
606 2525 701 2579 multis
725 2524 785 2594 ipsa
805 2526 893 2579 virtus
913 2528 1035 2594 eontem3

179 2599 255 2653 nitur
283 2602 313 2654 et
342 2600 494 2655 venditatio
522 2600 658 2671 quaedam
682 2604 767 2670 atque
796 2601 945 2656 ostentatio
975 2618 1036 2655 esse

179 2674 288 2731 dicitur.
323 2676 406 2731 Multi
416 2676 527 2732 divitias
540 2677 704 2746 despiciunt,
717 2694 785 2747 quos
796 2693 880 2747 parvo
891 2681 1036 2732 contentos

178 2752 269 2807 tenuis
285 2752 374 2807 victus
385 2753 530 2821 cultusque
550 2753 688 2820 delectat3
706 2753 823 2809 honores
838 2770 904 2808 vero
919 2770 1036 2824 quorum

177 2829 329 2898 cupiditate
353 2830 696 2899 quidamvinflammantur,
715 2845 798 2899 quam
813 2829 893 2884 multi
911 2830 952 2885 ita
973 2847 1036 2883 con-

177 2902 305 2961 temnunt
321 2908 354 2959 ut
372 2904 440 2959 nihil
458 2906 573 2972 inanius,
589 2905 656 2960 nihil
675 2923 736 2962 esse
755 2906 842 2961 levius
861 2906 1037 2961 existiment:

177 2981 301 3051 itemque
322 2984 416 3036 cetera
435 2998 506 3051 quae
527 2982 692 3051 quibusdam
708 2982 881 3038 admirabilia
899 2981 1036 3048 videntur,

177 3057 309 3126 permulti
320 3059 385 3111 sunt
397 3058 445 3126 qui
457 3058 602 3128 pronihilo
613 3062 722 3127 putent
758 3059 801 3112 De
813 3058 934 3112 amicitia
940 3072 1035 3109 omnes

178 3134 215 3189 ad
226 3149 311 3187 uuum
326 3132 402 3187 idem
419 3133 549 3201 sentiunt,
566 3138 597 3189 et
615 3134 634 3187 ii
655 3136 702 3204 qui
718 3134 754 3188 ad
770 3151 829 3188 rem
847 3133 989 3205 publicam
1003 3148 1033 3184 se

178 3208 360 3328 congelarent,
386 3209 458 3263 etii
487 3209 534 3277 qui
561 3228 654 3265 rerum
678 3210 833 3277 cognitione
856 3207 1035 3275 doctrinaque
