2250 3450
108 129 155 174 100
337 124 375 173 M.
394 121 521 172 TULLII
539 121 728 170 CICERONIS

107 210 210 262 rentur.
246 202 302 267 Sed
317 207 350 257 ιιι
366 219 398 256 co
413 205 536 269 tompore
551 217 606 253 nou
622 201 703 253 modo
719 200 779 270 ipse
794 200 885 255 fautor
897 202 957 270 dig-

106 283 202 337 nitatis
230 283 294 333 tuoe
321 279 360 332 fui
384 295 478 332 vorum
505 278 590 331 ctiam
619 276 718 330 ceteris
746 280 841 330 auctor
869 278 904 330 ad
927 282 956 332 te

106 355 300 427 adjuvandum,
314 355 408 408 sicma
426 370 497 407 nunc
512 353 635 422 Pompeii
648 353 769 420 dignitas
782 353 958 408 vehementer

106 437 206 487 movet.
243 431 357 500 Aliquot
376 431 448 484 enim
464 434 529 484 sunt
547 431 612 484 anni
629 446 713 497 quum
729 445 777 482 vos
796 429 851 482 duo
867 430 958 498 delegi

106 524 174 578 quos
198 507 343 576 praecipuo
368 506 486 560 colerem
509 510 539 560 et
563 505 663 574 quibus
691 521 780 559 essem
804 505 874 559 sicut
897 523 958 559 sum

107 583 293 638 amicissimus,
331 581 513 645 Quamobrem
525 599 542 636 a
554 586 584 636 te
596 585 662 652 poto
674 582 717 636 vol
728 582 820 650 potius
832 583 959 637 omnibus

107 659 235 730 precibus
253 662 283 712 te
303 674 351 712 oro
370 661 399 712 et
418 658 542 713 obtestor
560 663 593 713 ut
616 660 645 712 in
665 659 719 713 tuis
742 660 868 712 maximis
887 661 959 714 curis

107 734 213 805 aliquid
230 734 373 803 impertias
390 736 523 804 temporis
538 735 601 800 huic
616 751 726 803 quoque
742 735 908 804 cogitationi,
927 740 960 790 ut

107 818 155 866 tuo
175 810 308 865 beneficio
326 810 413 864 bouus
432 812 481 876 vir,
505 814 610 878 gratus,
630 809 692 880 pius
710 810 830 881 donique
848 828 909 866 esse
930 812 959 865 in

108 888 218 942 maximi
230 887 356 940 beneficii
375 887 506 940 memoria
522 879 645 956 possim'
669 887 745 952 Quae
761 887 784 941 si
801 891 909 942 tantum
923 888 960 941 ad

108 964 256 1033 meipsum
274 961 454 1030 pertinerent,
473 979 612 1032 sperarem
632 967 752 1018 meato
769 967 861 1017 tamen
875 964 960 1032 impe:

108 1044 263 1104 traturum;
281 1037 337 1104 sed,
349 1042 382 1092 ιιι
396 1038 524 1108 arbitror,
536 1043 566 1094 et
578 1041 614 1093 ad
627 1041 702 1093 tuam
716 1040 798 1093 fidem
812 1043 841 1094 et
853 1040 889 1093 ad
901 1057 960 1094 rem

108 1117 244 1185 publicam
255 1113 378 1183 pertinet
390 1131 434 1170 me
447 1133 463 1170 e
475 1117 568 1185 paucis
586 1120 615 1170 et
630 1116 666 1169 ad
683 1117 826 1185 utriusque
838 1121 960 1170 vestrum

108 1196 138 1246 et
155 1191 304 1258 adcivium
323 1192 496 1246 concordiam
511 1196 602 1261 perte
618 1208 701 1262 quam
716 1192 961 1246 accommodatissi-

108 1286 182 1322 mum
205 1270 367 1324 conservari.
405 1269 464 1337 Ego
489 1286 574 1338 quum
600 1273 681 1322 antea
704 1268 756 1322 tibi
784 1267 820 1322 de
843 1268 960 1322 Lentulo

107 1345 211 1413 gratias
225 1346 352 1414 egissem,
366 1362 451 1414 quum
470 1346 497 1400 ei
513 1345 596 1400 saluti
610 1345 658 1413 qui
672 1344 739 1398 mihi
751 1344 843 1398 fuerat
854 1344 959 1410 misses,
989 1369 994 1378 ·

109 1426 202 1476 tamen
217 1421 296 1476 lectis
310 1421 371 1490 ejus
388 1421 483 1487 literis,
495 1439 563 1491 quas
582 1421 618 1474 ad
633 1437 677 1474 mo
695 1420 852 1489 gratissimo
870 1419 960 1473 animo

108 1497 144 1550 do
155 1501 205 1551 tua
216 1497 383 1552 liberalitato
398 1498 586 1567 beneficioque
603 1497 685 1564 misit,
697 1496 814 1551 eandem
831 1512 875 1550 me
890 1495 960 1550 salu-

109 1577 165 1627 tom
184 1590 202 1626 a
219 1577 249 1627 te
267 1565 404 1642 amcpisse
423 1575 519 1643 putavi
539 1590 622 1643 quam
640 1571 705 1637 ille;
724 1573 753 1626 iu
771 1588 853 1641 quem
873 1571 895 1625 si
915 1587 960 1625 me

109 1649 241 1718 intelligis
255 1666 315 1702 esso
331 1653 449 1718 gratum,
466 1668 539 1718 cura,
558 1649 680 1716 obsecro,
692 1650 724 1702 ut
739 1648 822 1703 otiam
836 1648 865 1701 in
882 1647 961 1701 Pom-

109 1726 273 1794 peiumesse
285 1726 392 1794 possim.
1002 1717 1005 1727 '

340 1843 377 1888 10.
413 1840 540 1891 CICERO
557 1843 684 1892 amco
701 1844 726 1893 S.
832 1904 835 1911 Ι

272 1925 318 1989 (an
334 1938 458 1987 arrmmr,
477 1938 515 1975 rx.
534 1930 574 1977 16,
608 1942 634 1977 ι.
647 1940 672 1977 u.
688 1941 710 1979 c.
731 1930 796 1991 705.)

110 2027 200 2090 Quum
219 2021 294 2091 quod
313 2022 461 2076 scriberem
477 2022 514 2076 ad
529 2026 558 2076 to
575 2023 642 2076 nihil
658 2022 797 2090 haberem,
815 2027 906 2079 tamen
924 2040 960 2079 ne

109 2116 191 2170 quom
210 2098 284 2151 diem
302 2098 516 2152 intermitterem
536 2098 585 2152 lms
606 2098 671 2152 dedi
693 2099 794 2153 literas.
831 2101 866 2154 A.
878 2100 905 2154 ιι.
922 2116 959 2154 vr.

111 2175 172 2229 Kal.
196 2174 340 2229 Caesarem
365 2174 508 2228 Sinuessae
529 2191 686 2228 mansurum
707 2176 877 2231 nuntiabant.
912 2175 959 2230 Ab

108 2269 141 2306 oo
155 2250 223 2304 mihi
236 2250 334 2305 literae
351 2250 478 2305 redditae
493 2255 557 2305 suut
573 2268 595 2305 a
614 2250 640 2304 ιι
656 2267 705 2306 vu.
727 2252 843 2306 Kalend.
859 2252 959 2321 quibus

104 2329 164 2397 jam
183 2344 248 2398 opes
272 2344 347 2382 meas
371 2344 423 2381 nou
443 2332 476 2382 ut
499 2328 684 2397 superioribus
707 2328 795 2382 literis
815 2346 894 2397 opem
914 2344 960 2380 ex-

108 2409 237 2475 spectat'
260 2404 350 2469 Quum
377 2404 437 2473 ejus
463 2403 637 2457 clementiam
665 2404 862 2458 Corfiniensem
885 2403 959 2457 illam

108 2499 159 2550 pcr
167 2482 262 2535 literas
274 2481 506 2546 collaudarissem,
518 2479 659 2548 rescripsit
670 2480 722 2534 hoc
734 2480 867 2551 exemplo.

229 2612 367 2661 CAESAR
385 2614 461 2662 IMP.
480 2614 651 2662 CICERONI
667 2614 744 2664 IMP.
763 2614 789 2667 S.
807 2616 840 2665 D.

111 2706 197 2759 ltecte
211 2707 355 2774 augurans
372 2708 409 2762 do
426 2725 478 2774 me,
496 2708 568 2763 bene
586 2698 727 2763 euim‘tibi
746 2710 873 2778 cognitus
891 2726 959 2777 sum,

109 2778 177 2832 nibil
204 2795 221 2832 a
244 2798 289 2835 me
316 2783 414 2837 abesse
441 2784 548 2850 longius
576 2784 747 2839 crudelitate.
786 2787 881 2853 Atque
909 2801 960 2853 ego

110 2870 194 2921 quum
207 2871 242 2908 cx
252 2857 313 2925 ipsa
329 2876 359 2913 re
375 2876 500 2928 maguam
513 2861 590 2929 capio
607 2860 785 2931 voluptatem,
797 2865 857 2915 tum
869 2877 960 2915 mcum

109 2929 212 2983 factum
233 2933 345 3000 probari
359 2935 409 2989 abs
428 2941 457 2989 te
474 2938 613 3007 triumpho
629 2938 736 3007 gaudio.
774 2938 874 3005 Neque
891 2938 961 2992 illud

110 3020 154 3057 me
175 3010 266 3060 movet
285 3011 359 3077 quod
379 3013 398 3064 ii
418 3014 465 3080 qui
484 3030 501 3067 a
520 3031 564 3068 me
589 3015 693 3068 dimissi
716 3018 780 3069 sunt
804 3013 961 3067 discessisse

111 3078 239 3134 dicuntur
258 3088 290 3138 ut
311 3087 377 3138 mihi
396 3104 490 3143 rursus
506 3089 609 3143 bcllum
626 3091 776 3155 inferrent3
800 3090 869 3142 nihil
888 3088 961 3141 enim

111 3152 183 3207 malo
206 3172 288 3223 quam
307 3164 337 3213 et
355 3176 400 3214 me
418 3162 472 3215 mei
491 3163 608 3218 similem
627 3180 687 3219 csso
706 3169 736 3219 ct
754 3165 816 3219 illos
835 3164 885 3217 sui.
920 3162 962 3215 'l'u
