2250 3450
135 159 166 211 74
244 157 419 206 EPISTOLA
435 156 487 205 AD
504 155 677 215 QUINTUM
695 155 878 205 FRATREM.

134 235 255 294 tionibus
262 253 294 291 ao
300 236 414 305 judiciis
424 237 472 306 qui
483 252 554 290 nuno
566 237 631 289 sunt
642 234 789 302 hominum,
799 234 848 288 sed
859 235 893 288 iis
905 235 987 290 etiarn
1102 263 1113 288 ι

135 314 183 384 qui
195 313 281 367 futuri
294 316 372 368 sunt:
392 329 557 383 quamquam
569 311 677 364 illorum
690 310 743 364 erit
755 311 845 364 verius
852 310 987 379 judicium

135 378 335 444 obtrectatione
353 393 383 445 et
400 388 592 443 malevolentia
612 387 767 442 liberatum.
803 393 844 442 44.
864 388 987 458 Denique

78 523 79 526 ,
134 466 204 520 illud
215 466 299 520 etiam
312 465 397 520 debes
408 465 537 533 eogitare,
548 481 603 518 non
615 467 644 518 te
656 463 708 517 tibi
720 463 770 517 soli
781 465 894 532 gloriam
907 483 988 535 quae-

134 559 204 610 rere,
222 541 297 609 quod
319 542 342 595 si
361 545 440 609 esset,
460 544 552 595 tamen
571 557 625 594 non
645 540 805 608 negligeres,
826 541 987 610 praesertim

136 635 220 687 quum
237 617 410 687 amplissimis
426 617 610 671 monumentis
622 632 779 671 oouseorare
791 618 921 672 voluisses
933 634 988 672 me-

136 695 248 748 moriam
271 694 386 747 nominis
410 695 469 759 tui;
500 693 550 747 sed
574 709 607 746 ea
631 691 682 747 tibi
704 695 747 747 est
767 694 988 748 eommunieanda

136 787 249 838 meeum,
261 770 403 839 prodenda
415 770 508 824 liberis
520 769 632 824 nostris.
669 769 704 822 In
716 787 771 838 quo
783 770 933 824 cavendum
946 773 988 824 est

136 863 178 913 ne,
194 848 217 900 si
230 847 411 915 negligentior
425 846 518 913 fueris,
537 863 592 900 non
609 844 695 900 solum
710 845 762 900 tibi
779 863 877 916 purum
894 861 989 900 oonsu-

135 920 218 976 luisse
231 924 280 977 sed
292 923 377 977 etiam
388 924 444 977 tuis
456 923 588 977 invidisse
599 923 731 984 ridearis.

188 999 267 1054 XVI.
286 1005 327 1055 45.
348 1002 443 1068 Atque
458 999 526 1054 haee
541 1016 596 1052 non
613 1015 645 1053 eo
661 999 791 1052 dicuntur
804 1002 837 1053 ut
854 1003 884 1053 te
902 1000 988 1053 oratio

135 1092 197 1130 mea
209 1075 390 1130 dormientem
403 1077 536 1130 excitasse
548 1074 598 1129 sed
610 1076 701 1145 potius
713 1078 745 1128 ut
757 1079 912 1129 currentem
923 1075 989 1127 inei-

135 1155 209 1206 tasse
227 1152 359 1207 videatur.
398 1152 493 1206 Facies
511 1151 585 1205 enim
603 1155 735 1221 perpetuo
754 1168 825 1221 quae
842 1151 939 1218 fecisti,
957 1153 988 1204 ut

136 1244 229 1282 omnes
258 1229 426 1299 aequitatem
450 1233 535 1296 tuam,
559 1230 780 1297 temperantiam,
806 1228 1013 1294 severitatem,-

136 1305 379 1373 integritatomque
390 1305 511 1360 laudent.
547 1306 604 1361 Sed
614 1322 659 1360 me
671 1305 807 1374 quaedam
819 1307 899 1358 tenet
909 1321 989 1373 prop-

135 1384 181 1435 ter
194 1382 359 1449 singularem
377 1399 497 1436 amorem
515 1383 624 1436 infinita
643 1383 671 1436 in
687 1385 716 1435 te
736 1380 854 1435 ariditas
870 1380 988 1448 gloriae:

137 1473 301 1526 quamquam
317 1458 386 1512 illud
402 1455 535 1525 existimo,
549 1475 634 1528 quum
642 1458 702 1526 J'am
715 1458 766 1512 tibi
779 1457 849 1512 Asia
861 1457 931 1510 siout
942 1457 989 1510 uni

136 1533 235 1602 ouique
247 1532 402 1588 suademus
414 1539 481 1589 nota
492 1552 553 1590 esse
565 1534 675 1604 debeat,
685 1551 769 1603 quum
781 1533 818 1586 ad
829 1536 906 1586 tuam
918 1549 989 1587 sum-

136 1626 209 1663 mam
221 1609 397 1678 prudentiam
409 1614 504 1665 tantus
516 1628 582 1665 usus
594 1611 746 1678 aooesserit
759 1610 826 1662 nihil
843 1626 903 1664 esse
916 1607 989 1678 quod
1041 1651 1045 1655 .

136 1686 174 1740 ad
190 1686 299 1742 laudem
316 1687 435 1742 attineat
453 1687 529 1758 quod
549 1705 602 1743 non
620 1690 652 1742 tu
669 1686 774 1757 optime
793 1687 941 1757 perspicias
960 1689 989 1741 ot

136 1762 189 1817 tibi
207 1779 260 1817 non
278 1765 336 1818 sine
358 1764 519 1833 cujusquam
539 1764 697 1819 hortatione
713 1764 742 1816 in
759 1767 881 1817 mentem
898 1764 989 1817 veniat

138 1839 268 1908 quotidie.
299 1839 355 1893 Sed
367 1856 417 1908 ego
429 1840 485 1908 qui,
497 1857 582 1908 quum
594 1843 643 1894 tua
655 1841 724 1908 lego,
737 1843 766 1894 to
777 1840 880 1907 audire,
893 1844 922 1895 et
934 1840 989 1909 qui,

138 1931 222 1985 quum
240 1915 276 1968 ad
293 1918 323 1970 te
341 1916 436 1983 scribo,
455 1919 546 1969 tecum
564 1916 639 1986 loqui
657 1917 759 1984 videor,
778 1915 880 1969 ideireo
898 1919 927 1970 et
940 1920 990 1970 tua

138 1991 294 2059 longissima
310 2009 419 2061 quaque
436 1993 551 2062 epistola
568 1994 686 2047 maxime
705 1992 826 2047 delector
841 1996 869 2047 et
885 1993 943 2063 ipse
960 1993 989 2046 in

139 2067 282 2121 scribendo
294 2085 354 2123 sum
364 2086 446 2139 saepe
457 2070 568 2139 longior.
605 2075 646 2125 46.
660 2069 734 2123 Illud
746 2073 775 2124 to
786 2070 823 2123 ad
835 2073 989 2124 extremum

139 2145 169 2198 et
180 2160 228 2198 oro
240 2148 269 2197 et
280 2143 376 2198 hortor
388 2150 428 2213 ut,
440 2149 581 2217 tamquam
596 2150 694 2217 poetae
706 2146 770 2200 boni
786 2151 815 2201 et
829 2150 936 2200 actores
949 2147 989 2199 in·

139 2219 239 2274 dustrii
255 2221 351 2289 solent,
373 2221 411 2276 sio
429 2222 507 2276 tuin
527 2226 653 2278 extrema
673 2226 752 2294 parte
771 2225 801 2276 et
818 2221 995 2277 conclusione

139 2297 260 2351 muneris
275 2314 307 2351 ao
317 2298 421 2366 negotii
432 2299 474 2353 tui
486 2299 712 2368 diligentissimus
729 2301 773 2367 sis,
785 2302 817 2353 ut
832 2298 878 2351 hie
889 2299 989 2353 tertius

139 2389 225 2426 annus
237 2373 344 2443 imperii
355 2374 404 2442 tui,
414 2379 555 2446 tamquam
565 2378 666 2432 tertius
678 2381 763 2445 aetus,
772 2375 990 2447 perfectissimus

140 2452 225 2518 atquo
238 2451 426 2505 ornatissimus
437 2452 522 2507 fuisse
533 2454 668 2510 videatur.
705 2453 741 2507 Id
759 2453 885 2508 faoillime
898 2452 989 2518 facies,

141 2525 163 2578 si
180 2541 233 2593 me,
250 2525 293 2580 oni
317 2544 426 2597 semper
450 2530 497 2582 uni
516 2533 603 2599 magis
623 2549 705 2602 quam
726 2533 860 2587 universis
883 2530 991 2600 placere

141 2601 258 2669 voluisti,
270 2606 361 2657 teeum
373 2621 482 2673 semper
494 2622 554 2659 esse
565 2607 683 2676 putabis,
690 2611 720 2661 et
728 2607 853 2662 omnibus
862 2608 896 2661 iis
907 2605 991 2659 rebus

142 2694 210 2746 quas
222 2677 297 2732 dices
309 2695 341 2732 ao
353 2679 437 2733 facies
448 2680 589 2736 interesse.
617 2683 763 2751 Reliquum
776 2686 862 2737 estut
873 2686 903 2737 te
915 2698 991 2735 orem

141 2757 174 2807 ut
191 2752 342 2807 valetudini
357 2757 429 2823 tuae,
444 2755 468 2809 si
482 2773 527 2811 me
543 2760 573 2813 et
586 2759 648 2813 tuos
662 2774 756 2815 omnes
767 2758 859 2814 valere
870 2759 918 2823 ris,
930 2757 992 2811 dili-

142 2827 302 2897 gentissime
314 2828 422 2885 servias
458 2829 538 2887 Vale.
