2250 3450
336 175 387 222 ΑΙ)
404 173 580 233 eumcum
597 172 782 221 seersum.
955 179 986 229 7³

132 260 210 329 ratio,
222 263 252 314 et
260 261 292 312 ut
304 274 356 326 ego
368 255 494 325 arbitror,
505 271 584 309 meae
596 270 705 323 quoque
717 254 828 309 litterae
843 258 872 309 te
883 257 987 325 patien-

132 338 230 392 tiorem
249 335 435 403 lenioremque
456 333 598 386 feoenmt:
615 331 715 385 tertius
739 347 826 385 anmrs
841 331 881 396 ita
904 332 988 388 debet

132 430 191 467 esso
204 410 371 473 emendatus,
384 413 416 464 ut
428 427 462 463 ne
474 408 614 462 minimam
630 405 742 477 quidem
762 424 822 460 reru
841 408 986 478 quisquam

131 489 218 558 possit
237 488 321 542 ullam
340 485 550 556 reprehendere.
585 491 626 538 41.
645 484 688 537 Ac
705 482 764 551 jam
785 483 915 538 hocloco
934 504 988 540 non

131 565 286 620 hortatione
298 580 387 633 neque
403 563 566 632 praeceptis,
580 561 630 614 sed
643 561 770 630 precibus
782 564 873 614 tecum
889 563 988 618 frater-

132 643 174 696 nis
197 659 256 710 ago,
279 645 369 696 totum
396 643 429 694 ut
457 641 586 707 animum,
611 655 710 708 curam,
740 640 988 712 cogitationemque

132 723 208 773 tuam
236 736 321 789 ponas
349 719 377 772 in
410 717 530 771 omnium
563 716 645 770 laude
678 716 799 784 undique
828 717 988 787 colligenda.

133 796 213 877 Quod
232 797 255 850 si
275 796 303 849 in
322 795 453 849 mediocri
474 797 550 848 statu
570 794 701 848 sermonis
726 811 757 848 ae
777 795 989 862 praedicationis

131 877 241 928 nostrae
264 891 310 928 res
332 877 431 942 essent,
454 872 519 925 nihil
543 871 592 926 abs
613 875 642 925 te
659 871 796 940 eximium,
823 872 891 925 nihil
913 891 989 942 prae-

132 954 176 1022 ter
193 952 307 1004 aliorum
335 950 559 1004 consuetudinem
583 948 776 1016 postularetur.
812 948 892 1002 Nunc
924 968 989 1005 vero

131 1024 246 1098 propter
266 1045 360 1082 earum
383 1044 475 1081 rerum
495 1026 524 1079 in
544 1025 644 1095 quibus
663 1025 765 1078 versati
787 1042 879 1078 sumus
900 1025 988 1095 splen-

133 1105 227 1159 dorem
243 1109 273 1159 et
288 1103 513 1172 magnitudinem,
531 1103 585 1156 nisi
602 1109 734 1156 su'mmam
752 1101 863 1155 laudem
884 1121 918 1156 ex
936 1103 990 1157 ista

131 1182 269 1250 provincia
292 1181 468 1250 assequimur,
486 1180 533 1233 vix
551 1178 680 1233 videmur
700 1195 832 1231 summam
850 1180 989 1248 vitupera-

131 1258 234 1312 tionem
242 1275 322 1326 posse
332 1258 427 1311 vitare.
455 1257 503 1320 ua
514 1259 609 1308 nostra
620 1256 691 1308 ratio
704 1258 746 1307 est
763 1258 795 1308 ut
813 1268 906 1308 omnes
925 1254 989 1309 boni

44 1360 50 1369 ·
132 1350 216 1401 quum
232 1336 348 1401 faveant,
364 1336 424 1386 tum
440 1333 525 1386 etiam
546 1347 655 1384 omnem
677 1330 791 1383 anobis
817 1331 989 1399 diligentiam

132 1409 317 1478 virtutemque
327 1413 357 1463 et
363 1409 505 1478 postulent
516 1408 722 1476 etexspectent‚
730 1423 823 1460 omnes
837 1411 929 1461 autem
940 1408 989 1461 im-

131 1485 211 1554 probi
222 1485 297 1554 quod
315 1502 377 1538 cum
388 1485 423 1538 iis
438 1483 541 1537 bellum
550 1482 748 1550 sempiternmn
761 1483 937 1553 suscepimus,
946 1485 989 1538 vel

131 1562 244 1615 minima
255 1579 285 1615 re
297 1562 334 1615 ad
345 1558 603 1630 reprehendendum
618 1559 742 1634 contenti
759 1576 818 1613 esse
834 1560 990 1620 videantur,

131 1644 172 1692 42.
187 1639 277 1702 Quare
289 1638 417 1706 quoniam
431 1635 568 1704 ejusmodi
579 1634 720 1689 theatrum
734 1638 777 1689 est
789 1635 908 1706 [totiusl
923 1637 990 1690 cele-

130 1714 234 1769 britate
243 1714 460 1782 refertissimum,
467 1711 659 1781 magnitudine
668 1711 874 1782 amplissimum,
883 1711 990 1781 judicio

131 1792 354 1860 eruditissimum,
376 1794 476 1845 natura
499 1792 592 1843 autem
620 1788 660 1841 ita
688 1806 819 1843 resonans
840 1793 873 1843 ut
901 1808 989 1860 usquo

132 1868 247 1923 Romam
270 1868 482 1937 significationes
503 1882 638 1935 vocesque
658 1866 823 1934 referantur,
844 1868 989 1933 contende,

131 1962 239 2015 quaeso,
258 1949 341 2015 atque
360 1944 470 1999 elabora
487 1959 541 1997 non
560 1942 642 1995 modo
659 1945 691 1996 ut
716 1943 760 1997 his
780 1943 863 1997 rebus
889 1943 988 2011 dignus

121 2021 214 2075 ¹fuisse
230 2021 280 2076 sed
299 2022 383 2075 etiam
401 2022 434 2074 ut
448 2020 495 2073 illa
518 2019 610 2073 omnia
633 2020 689 2073 tuis
713 2019 819 2073 artibus
845 2036 988 2088 superasse

130 2098 249 2152 videare.
306 2131 309 2134 -

183 2174 245 2228 XV.
263 2178 304 2229 43.
322 2171 504 2241 aequoniam
519 2172 587 2225 mihi
598 2189 676 2226 cassis
695 2151 827 2227 {arbanam
847 2174 875 2228 in
889 2176 987 2243 magis

131 2249 250 2305 tratibus
261 2248 526 2303 administrationem
537 2248 579 2301 rei
590 2247 723 2315 publicae,
733 2249 785 2301 tibi
794 2250 988 2317 provincialem

131 2325 218 2393 dedit,
229 2326 253 2380 si
261 2342 323 2379 mea
332 2341 397 2393 pars
409 2323 511 2377 nemini
522 2323 606 2390 cedit,
617 2325 660 2377 fae
671 2326 703 2377 ut
716 2326 765 2376 tua
773 2328 880 2378 ceteros
890 2326 989 2379 vincat.

131 2400 219 2455 Simul
242 2404 272 2454 et
294 2400 364 2453 illud
387 2398 486 2466 cogita,
505 2414 555 2451 nos
574 2415 628 2450 non
648 2398 683 2451 de
702 2397 809 2468 reliqua
829 2404 858 2453 et
878 2404 989 2469 sperata

131 2475 218 2543 gloria
226 2475 285 2543 jam
296 2474 429 2542 laborare,
441 2473 492 2527 sed
503 2473 539 2526 de
547 2477 628 2541 parta
641 2473 771 2527 dimicare
781 2496 787 2540 ;
797 2493 868 2543 quae
876 2477 988 2545 quidem

132 2568 186 2605 non
195 2554 252 2604 tam
262 2550 417 2619 expetenda
431 2548 510 2603 nobis
525 2549 580 2601 ant
596 2566 679 2619 quam
696 2550 801 2603 tuenda
819 2554 868 2605 est.
906 2554 949 2606 Ac
966 2554 989 2607 si

131 2626 199 2679 mihi
216 2627 367 2696 quidquam
384 2628 459 2679 esset
475 2625 526 2679 abs
546 2628 576 2679 te
597 2630 761 2695 separatum,
784 2627 850 2681 nihil
873 2629 989 2697 amplius

131 2703 319 2757 desiderarem
332 2703 384 2757 hoc
398 2705 473 2757 statu
484 2703 533 2772 qui
548 2702 615 2755 mihi
628 2702 688 2770 jam
705 2706 800 2773 partus
820 2708 869 2759 est.
907 2704 933 2757 N
936 2723 988 2760 unc

131 2796 197 2833 vero
213 2779 253 2833 sio
271 2796 317 2833 res
333 2796 394 2833 sese
412 2779 496 2833 habet
511 2783 549 2845 ut,
566 2778 619 2832 nisi
636 2781 726 2833 omnia
746 2784 794 2834 tua
812 2783 885 2835 facta
905 2785 989 2852 atque

131 2856 207 2910 dieta
223 2856 324 2910 nostris
340 2856 424 2910 rebus
447 2856 528 2910 istinc
546 2857 738 2927 respondeant,
758 2875 809 2925 ego
836 2876 881 2911 me
903 2860 989 2913 tantis

130 2933 199 2986 meis
217 2932 357 2986 laboribus
372 2932 511 3001 tantisque
527 2933 663 3001 periculis,
684 2951 798 3001 quorum
818 2938 849 2988 tu
867 2935 988 2988 omnium

130 3009 268 3078 particeps
286 3008 371 3075 fuisti,
389 3007 457 3062 nihil
476 3014 651 3064 consecutum
676 3014 778 3079 putem.
817 3009 897 3075 Quod
916 3010 938 3063 si
956 3013 988 3063 ut

130 3084 327 3153 amplissimum
335 3101 434 3139 nomen
443 3102 671 3155 consequeremur
680 3104 749 3139 uuus
761 3090 872 3156 praeter
881 3089 988 3152 ceteros

130 3159 269 3228 adjuvisti,
286 3164 362 3215 certe
378 3160 454 3214 idem
470 3165 502 3215 ut
520 3162 550 3215 id
568 3162 734 3216 retineamus
751 3165 862 3231 praeter
881 3164 988 3214 ceteros

130 3234 292 3293 elaborabis.
329 3237 391 3291 Non
412 3240 456 3292 est
478 3237 530 3291 tibi
551 3238 595 3291 his
615 3238 678 3293 solis
696 3237 830 3291 utendum
848 3236 986 3290 existima-
