2250 3450
350 159 515 208 LAELIUS.
551 159 630 209 eAP.
647 160 711 209 XX.
730 161 811 210 XXI.
972 165 1002 209 51

151 255 284 309 eramque
296 238 438 293 distantia.
474 241 517 296 75:
532 237 621 294 Recte
635 240 719 295 etiam
733 241 854 309 praecipi
867 242 963 308 potest
976 239 1004 294 in

151 315 278 370 amicitiis
298 331 334 369 ne
354 315 537 383 intemperata
558 315 695 385 quaedam
714 311 908 382 benevolentia,
929 315 1005 385 quod
1097 370 1099 375 .

151 408 282 463 persaepe
294 392 334 459 fit,
346 390 478 459 impediat
486 407 598 459 magnas
606 393 743 447 utilitates
752 395 908 447 amicorum.
945 393 971 446 N
973 409 1005 446 ee

56 529 59 534 ¹
152 467 233 534 enim,
244 470 276 520 ut
288 465 440 524 adiabulas
450 465 569 534 redeam,
578 466 688 535 Trojam
698 467 896 537 Neoptolemus
905 484 1004 536 capere

151 543 293 610 potuisset,
317 542 340 596 si
365 541 546 610 Lycomedem
569 543 643 612 apud
669 560 750 613 quem
776 547 837 598 erat
863 544 1003 612 educatus,

100 655 103 662 ,
152 618 246 672 multis
269 635 330 672 eum
354 618 472 672 lacrimis
495 618 549 672 iter
572 635 652 673 suum
677 620 882 688 impedientem,
908 620 1005 674 audire

151 697 296 762 voluisset;
308 701 338 751 et
350 712 432 764 saepe
442 694 568 750 incidunt
580 711 696 764 magnae
708 712 753 750 res
764 699 796 749 ut
806 696 1003 750 discedendum

142 773 188 844 ,sit
199 773 235 826 ab
247 772 357 826 amicis:
370 788 438 842 quas
451 771 498 840 qni
510 771 646 840 impedire
660 771 728 840 vult,
744 772 819 841 quod
836 772 1003 826 desiderium

150 864 204 901 non
220 848 299 903 facile
315 849 393 914 ferat,
410 847 434 901 11
450 852 479 902 11
495 847 620 902 infirmus
635 852 679 903 est
694 849 839 918 mollisque
857 852 956 902 natura
973 852 1003 902 et

150 922 186 977 ob
204 940 264 994 eam
285 925 371 992 ipsam
393 939 501 978 11111111
522 923 550 977 11
571 924 692 978 amicitia
712 941 808 994 parum
824 923 926 992 justus.
962 927 1003 981 76.

152 1003 248 1069 Atque
262 1001 290 1054 in
306 999 379 1053 omui
395 1017 426 1054 re
442 999 668 1053 considerandum
686 1005 730 1054 est
745 1004 776 1054 et
793 1001 862 1070 quid
879 1001 1003 1070 postules

149 1075 185 1128 ab
197 1076 283 1130 amico
296 1079 325 1130 et
337 1076 405 1145 quid
416 1075 522 1144 patiare
535 1091 552 1130 a
563 1080 593 1130 te
604 1077 754 1146 impetrari.

202 1151 280 1206 XXI.
299 1152 349 1206 Ilst
361 1152 444 1205 etiam
457 1151 535 1220 quasi
545 1152 680 1220 quaedam
688 1151 829 1206 calamitas
837 1151 865 1205 in
875 1150 1002 1207 amicitiis

149 1226 322 1282 dimittendis
339 1244 533 1296 nonnunquam
550 1227 719 1291 necessaria;
732 1226 793 1294 jam
808 1227 882 1280 enim
897 1243 915 1279 a
929 1227 1002 1296 sapi-

149 1303 253 1357 entium
278 1303 511 1357 familiaritatibus
536 1302 573 1356 ad
598 1303 725 1370 vulgares
750 1302 883 1355 amicitias
913 1303 1001 1356 oratio

148 1378 399 1432 nostradelabitur.
435 1371 590 1444 Erumpunt
604 1393 686 1445 saepe
699 1376 927 1430 vitiaamicorum
941 1380 1001 1431 tum
1114 1393 1117 1396 ·

149 1453 178 1506 11
190 1453 263 1518 ipsos
275 1453 376 1508 amicos
387 1457 447 1506 tum
459 1452 487 1505 in
499 1452 609 1518 alienos,
622 1467 738 1520 quorum
750 1455 842 1505 111111
853 1451 890 1506 ad
901 1452 1001 1506 amieos

149 1528 288 1581 redundet
298 1527 419 1582 infamia.
437 1527 516 1580 Tales
527 1526 613 1594 igitur
625 1525 761 1580 amicitiae
770 1529 834 1580 sunt
843 1527 1002 1582 remissione

149 1620 215 1657 usus
228 1602 367 1671 eluendae,
381 1606 417 1669 et,
430 1606 462 1656 ut
474 1603 607 1657 Catonem
619 1602 710 1656 dicere
722 1602 821 1670 audiri,
835 1601 999 1657 dissuendae

149 1680 236 1749 magis
262 1695 343 1750 quam
373 1679 582 1744 discindendum
610 1678 662 1733 nisi
690 1677 825 1747 quaedam
853 1678 1001 1734 admodum

148 1756 328 1811 intolerabilis
346 1755 454 1825 injuria·
466 1755 609 1825 exarserit,
626 1759 658 1809 nt
676 1771 765 1825 neque
783 1760 889 1809 rectum
912 1771 1001 1825 neque

148 1832 293 1887 honestum
303 1832 340 1886 sit
348 1848 398 1886 111
410 1831 469 1887 fieri
481 1832 568 1900 possit
579 1835 611 1885 ut
625 1848 680 1885 non
694 1830 789 1885 statim
805 1830 932 1885 alienatio
947 1831 1001 1885 dis

144 1907 444 1978 Ι111111111111111111.
458 1908 502 1961 sit.
544 1911 585 1966 77.
604 1908 652 1962 Sin
666 1911 758 1961 autem
773 1911 822 1961 aut
835 1911 1001 1961 monument

149 1984 302 2039 studiorum
315 1984 491 2038 commutatio
502 1984 645 2052 quaedam,
656 1987 689 2037 ut
700 1983 760 2037 fieri
773 1983 849 2049 solet,
858 1983 931 2037 facta
939 1984 1000 2052 erit,

148 2064 197 2115 aut
208 2061 235 2113 in
245 2059 419 2130 reipublicae
428 2059 552 2129 partibus
561 2058 694 2115 dissensio
702 2060 895 2126 intercesserit,
904 2058 1000 2127 loquor
1098 2062 1101 2067 '

149 2137 221 2190 enim
228 2136 296 2205 jam,
308 2139 340 2190 111
350 2136 441 2203 paullo
453 2139 521 2190 ante'
529 2134 594 2202 dixi,
606 2152 661 2189 nou
672 2136 708 2189 de
720 2134 883 2203 sapientium
899 2135 949 2189 sed
965 2135 1000 2188 de

148 2212 337 2266 communibus
348 2210 482 2278 amicitiis,
493 2211 644 2266 cavendum
656 2211 757 2265 eritne
767 2228 822 2265 111
833 2211 920 2265 solum
935 2211 1000 2264 ami-

149 2288 230 2343 citiae
244 2288 385 2356 depositae
401 2286 545 2341 sedetiam
562 2288 719 2344 inimicitiae
734 2290 876 2355 susceptae
889 2285 1000 2340 videan-

148 2367 202 2418 tur.
221 2364 247 2417 N
249 2364 297 2417 ihil
310 2364 382 2418 enim
393 2357 500 2431 turpius
512 2380 594 2433 quam
605 2379 668 2417 cum
676 2379 710 2417 eo
718 2363 820 2419 bellum
833 2378 929 2429 gerere
940 2361 1000 2430 qui-

149 2454 211 2493 cum
222 2439 394 2493 familiariter
405 2438 514 2492 vixeris
549 2438 596 2493 Ab
608 2438 728 2493 amicitie
745 2439 779 2503 Q.
799 2437 921 2505 Pompeii
938 2454 1000 2493 meo

148 2516 258 2568 nomine
269 2532 299 2568 11
314 2517 476 2583 removerat,
490 2517 523 2568 ut
539 2514 623 2582 scitis,
642 2514 750 2582 Scipio;
766 2517 881 2582 prepter
897 2513 1000 2569 dissen-

150 2592 254 2644 sionem
269 2593 370 2657 autem,
384 2606 454 2659 quae
470 2592 530 2645 erat
545 2590 573 2643 in
589 2606 621 2643 re
637 2590 754 2659 publiea,
772 2590 905 2643 alienatus
923 2594 967 2645 111
982 2608 1000 2645 a
1024 2586 1031 2603 '

149 2666 254 2734 collega
265 2670 358 2720 nostro
370 2666 491 2721 Metello.
518 2666 675 2734 Utrumque
688 2666 745 2734 egit
755 2666 884 2734 graviter,
895 2670 999 2721 auctor-

149 2742 219 2796 itate
234 2745 263 2796 et
279 2742 427 2796 offensione
442 2742 525 2796 animi
541 2759 594 2796 non
611 2741 719 2796 acerba.
755 2746 798 2800 78.
817 2741 1000 2806 Quamobrem

149 2819 267 2887 primum
279 2818 371 2873 (111111
382 2834 466 2888 opera
477 2822 521 2873 est
532 2834 622 2887 nequa
633 2819 782 2873 amicorum
794 2818 908 2873 discidia
916 2819 1000 2891 fiant;

49 2964 51 2967 Ι
150 2894 264 2949 sintela
281 2895 386 2964 aliquid
404 2895 533 2963 evenerit,
550 2898 583 2948 ut
601 2894 738 2949 extinctae
755 2894 847 2963 potius
863 2894 1000 2949 amicitiae

150 2987 232 3039 quam
256 2987 401 3041 oppressae
425 2987 485 3025 esse
508 2970 661 3024 videantur.
698 2971 857 3025 Cavendum
880 2986 945 3023 vero
965 2987 1000 3024 ne

149 3046 232 3100 etiam
248 3048 276 3100 in
291 3063 389 3117 graves
405 3046 561 3100 inimicitias
579 3049 739 3101 convertant
757 3063 787 3101 se
804 3046 948 3112 amicitiae,
966 3062 1000 3099 ex

149 3124 250 3193 quibus
261 3124 362 3194 jurgia,
378 3121 532 3189 maledieta,
549 3121 729 3176 contumeliae
741 3122 911 3195 gignuntur:
930 3136 1001 3187 quae

148 3203 242 3255 tamen
258 3200 281 3255 si
297 3198 456 3255 tolerabiles
471 3200 560 3267 erunt,
574 3195 704 3251 ferendae
720 3200 792 3262 sunt,
810 3200 840 3282 et
855 3194 900 3248 hic
916 3194 1001 3248 honos
