2250 3450
104 203 112 215 ‚
150 147 182 199 72
495 139 671 188 amarem

149 225 225 295 quod
244 225 288 278 est
306 221 437 292 epistolae
457 217 606 288 proprium,
623 222 654 272 ut
671 219 696 273 is
714 219 751 274 ad
772 237 854 290 quem
877 220 1005 276 scribitur
1116 280 1118 296 Ι

149 303 185 354 de
197 301 230 353 iis
242 298 325 352 rebus
337 314 404 367 quas
416 297 524 364 ignorat
539 295 640 348 certior
656 295 712 362 fiat,
728 296 1004 364 praetermittendum

149 393 209 430 esse
231 393 285 430 non
308 379 383 444 puto.
418 381 459 428 38.
477 374 522 428 Sic
539 375 576 428 ad
598 391 648 428 nos
671 392 765 430 omnes
788 377 846 431 fere
870 378 1004 454 deferunt,

148 453 215 506 nibil
228 469 312 522 quum
321 451 393 505 absit
404 449 546 504 iracundia
561 453 592 504 te
601 451 660 504 fieri
679 468 758 520 posse
773 451 936 521 jucundius;
955 459 1003 511 sed

149 545 234 599 quum
245 532 275 582 te
283 527 398 595 alicujus
409 525 571 595 improbitas
585 527 805 596 perversitasque
821 531 1003 596 commoverit,

148 605 187 658 sic
207 608 236 659 te
254 605 344 658 animo
362 603 471 657 incitari
494 607 527 657 ut
549 603 586 657 ab
609 604 735 659 omnibus
758 609 808 659 tua
831 606 1004 661 desideretur

147 681 309 734 humanitas
344 680 435 744 Quare
448 679 576 749 quoniam
592 679 621 733 in
637 696 698 733 eam
714 682 848 736 rationem
865 682 938 736 vitae
953 700 1003 737 nos

146 773 200 809 non
220 759 277 811 tam
296 756 431 824 cupiditas
450 755 586 824 quaedam
605 756 708 823 gloriae
724 774 807 827 quam
826 775 870 812 res
888 760 948 827 ipsa
971 777 1003 813 ac

145 832 257 886 fortuna
281 831 404 900 deduxit,
427 836 460 886 ut
483 832 666 901 sempiternus
690 850 779 887 sermo
802 834 942 888 hominum
966 836 1002 889 de

145 907 225 961 nobis
236 907 346 961 iuturus
357 907 401 975 sit,
414 925 563 975 caveamus,
584 911 717 977 quantum
737 909 844 964 efficere
861 915 890 964 et
909 928 1002 965 conse

146 984 194 1053 qui
202 999 352 1052 possumus,
364 986 396 1037 ut
408 1001 443 1036 ne
455 983 530 1051 quod
541 983 570 1036 in
582 982 661 1036 nobis
678 984 784 1052 insigne
800 985 898 1039 vitium
916 987 1001 1041 luisse

146 1059 260 1113 dicatur.
299 1058 398 1128 Neque
410 1075 460 1127 ego
472 1076 543 1112 nunc
559 1059 611 1112 hoc
630 1060 773 1124 contendo,
793 1062 868 1130 quod
885 1062 1001 1116 fortasse

145 1152 230 1204 quum
241 1134 270 1188 in
282 1135 355 1188 omni
366 1138 536 1189 naturatum
550 1134 610 1202 jam
625 1135 653 1188 in
669 1139 763 1190 nostra
779 1141 871 1192 aetate
892 1138 1001 1193 difficile

144 1214 194 1278 est,
206 1214 314 1265 mutare
326 1211 452 1276 animum,
465 1215 495 1265 et
507 1211 530 1264 si
542 1211 662 1280 quidest
673 1213 782 1280 penitus
794 1213 906 1267 insitum
918 1216 1000 1269 mori-

144 1287 196 1342 bus
210 1287 241 1340 id
256 1287 347 1341 subito
359 1289 489 1354 evellere3
505 1287 554 1341 sed
570 1290 600 1340 te
615 1287 683 1341 illud
701 1289 833 1342 admoneo
853 1293 892 1357 ut,
911 1290 933 1343 si
948 1291 1001 1346 hoc

143 1364 223 1432 plene
235 1364 322 1418 vitare
333 1382 388 1418 non
403 1369 489 1433 potes,
507 1366 583 1434 quod
599 1368 663 1418 ante
681 1369 827 1434 occupatur
843 1368 949 1420 animus
963 1368 999 1422 ab

143 1440 285 1494 iracundia
296 1458 378 1510 quam
387 1442 531 1510 providere
543 1441 614 1495 ratio
622 1441 714 1509 potuit
725 1459 761 1496 ne
770 1446 955 1512 occuparetur,
966 1448 999 1498 ut

143 1518 173 1569 te
184 1519 249 1570 ante
263 1534 403 1585 compares
415 1517 594 1587 quotidieque
603 1516 737 1572 meditere
746 1517 927 1572 resistendum
939 1537 1000 1574 ease

143 1592 315 1659 iracundiae;
331 1611 470 1662 quumque
488 1610 521 1647 ea
532 1593 651 1647 maxime
667 1593 789 1647 animum
801 1599 917 1662 moveat,
938 1597 998 1647 tum

143 1668 195 1721 tibi
208 1685 269 1722 esse
280 1669 489 1739 diligentissime
505 1670 624 1739 linguam
637 1670 835 1738 continendam,
849 1687 920 1740 quae
939 1670 998 1740 qui-

49 1768 55 1782 ·
144 1745 208 1799 dem
231 1746 299 1799 mihi
322 1747 409 1802 virtus
429 1764 484 1800 non
507 1748 646 1801 interdum
670 1747 759 1801 minor
779 1747 890 1801 videtur
913 1764 996 1815 quam

143 1823 251 1875 omnino
262 1839 316 1876 non
328 1821 415 1877 irasci.
451 1823 522 1876 Nam
534 1822 602 1876 illud
619 1826 662 1877 est
677 1840 732 1876 non
748 1823 835 1878 solum
852 1824 998 1891 gravitatis

143 1897 194 1951 sed
208 1914 410 1967 nonnumquam
428 1899 512 1952 etiam
528 1899 716 1954 lentitudinis:
732 1899 869 1953 moderari
885 1916 950 1954 vero
967 1904 998 1953 et

141 1974 233 2028 animo
245 1977 273 2028 et
285 1974 409 2042 orationi,
422 1992 506 2043 quum
519 1975 556 2028 sis
572 1975 666 2043 iratus,
686 1979 734 2029 aut
754 1975 838 2029 etiam
857 1979 949 2031 tacere
967 1981 997 2030 et

142 2053 238 2104 tenere
253 2050 283 2103 in
295 2066 344 2103 aua
360 2054 499 2119 potestate
515 2054 620 2104 motum
640 2051 722 2105 animi
743 2053 772 2105 et
793 2051 922 2119 dolorem,
942 2054 995 2106 etsi

141 2142 196 2179 nou
208 2128 251 2180 est
271 2126 409 2195 perfectae
428 2127 586 2196 sapientiae,
604 2129 697 2180 tamen
717 2130 760 2182 est
778 2144 832 2181 non
850 2128 996 2182 mediocris

140 2201 250 2270 ingenii.
268 2208 325 2269 ,39.
349 2203 444 2271 Atque
455 2203 483 2255 in
501 2202 553 2256 hoc
578 2218 678 2270 genere
696 2204 784 2257 multo
808 2208 838 2257 te
856 2220 915 2258 esse
934 2203 995 2272 jam

142 2277 355 2333 commodiorem
389 2278 583 2348 mitioremque
614 2278 748 2333 nuntiant.
796 2279 896 2333 Nullae
929 2283 995 2334 tuac

141 2354 358 2409 vehementiores
378 2355 459 2408 animi
475 2354 677 2421 concitationes,
701 2356 775 2409 nulla
793 2355 940 2410 maledicta
958 2356 995 2409 ad

140 2448 198 2505 nos,
223 2431 314 2500 nullae
334 2431 513 2485 contumeliae
535 2430 730 2500 perierimtun
751 2447 822 2500 quae
843 2448 926 2501 quum
947 2431 994 2485 ab

140 2506 254 2562 horrent
274 2524 291 2561 a
311 2507 420 2576 litteris,
441 2507 476 2560 ab
496 2507 675 2576 humanitate,
694 2510 755 2561 tum
774 2523 839 2561 vero
858 2508 994 2561 contraria

141 2586 205 2638 sunt
227 2584 342 2652 imperio
365 2600 398 2637 ac
421 2583 557 2652 dignitati
593 2584 666 2637 Nam
690 2582 714 2637 si
735 2582 918 2652 implacabiles
941 2584 993 2637 ira-

141 2659 256 2714 cundiae
267 2660 329 2728 sint,
341 2676 447 2714 summa
458 2665 502 2714 est
512 2659 663 2715 acerbitas:
676 2659 718 2713 sin
730 2662 823 2714 autem
832 2659 992 2726 exorabiles,

141 2752 246 2789 summa
256 2735 371 2791 levitas:
384 2752 454 2805 quae
465 2735 600 2791 tamen'ut
611 2736 639 2791 in
655 2736 734 2790 malis
752 2735 897 2790 acerbitati
917 2740 993 2791 ante-

140 2810 267 2877 ponenda
278 2814 329 2865 eat.

193 2885 272 2939 XIV.
290 2891 330 2941 40.
349 2885 406 2944 Sed
417 2887 544 2955 quoniam
556 2888 661 2957 primus
676 2904 762 2942 annus
778 2888 875 2944 habuit
891 2887 994 2943 dehac

140 2960 350 3028 reprehensione
361 2962 507 3030 plurimum
519 2964 659 3031 sermonis,
670 2964 753 3017 credo
762 2967 909 3032 propterea
917 2964 994 3032 quod

141 3034 193 3088 tibi
208 3035 347 3088 hominum
365 3037 489 3105 injuriae,
508 3037 583 3106 quod
599 3038 737 3106 avaritiae,
756 3038 830 3105 quod
848 3039 1006 3115 insolentia⁸

141 3112 252 3178 praeter
263 3110 414 3178 opinionem
428 3112 569 3165 accidebat
585 3115 614 3166 et
631 3112 810 3167 intolerabilis
828 3114 994 3182 videbatur;

142 3184 277 3237 secundus
292 3188 384 3239 autem
402 3186 490 3239 multo
508 3186 602 3254 lenior,
621 3188 696 3255 quod
716 3192 746 3243 et
766 3190 942 3255 consuetudo,
962 3195 994 3246 et
