2250 3450
392 132 575 196 nasama.-
595 131 674 198 cup.
693 131 728 179 v,
746 131 796 180 vn
986 133 1018 179 as

167 215 227 286 ipsa
236 213 345 286 peperit
353 219 368 282 ;'
377 214 428 268 sed
439 229 472 267 ea
482 229 537 266 non
549 211 616 266 satis
627 211 712 266 habet
723 210 869 266 firmitatis.
891 210 918 264 N
918 227 1019 280 amque

168 291 222 346 hoc
236 293 360 360 praestat
383 288 503 343 amicitia
517 287 716 356 propinquitati
728 287 802 355 quod
813 304 849 341 ox
860 287 1018 356 propinqui-

169 370 229 421 tate
250 364 440 420 benevolentia
458 364 517 418 tolli
536 366 635 432 potest,
654 380 688 416 ex
707 362 827 417 amicitia
844 380 898 417 non
909 366 1018 432 potest:

170 441 277 496 sublata
301 441 374 494 enim
398 439 586 494 benevolentia
614 437 750 506 amicitiae
779 455 876 492 nomen
905 439 1019 504 tollitur,

169 516 381 586 propinquitatis
393 517 494 570 manet.
530 521 571 568 20.
601 514 708 578 Quanta
719 517 813 568 autem
824 514 865 568 ris
884 514 1019 569 amicitiae

170 592 207 647 sit
217 611 252 646 ex
263 594 314 646 hoc
325 591 441 660 intelligi
448 591 567 644 maxime
578 593 678 660 potest,
686 590 761 658 quod
772 607 807 644 ex
818 589 926 642 infinita
936 590 1020 644 socie·

170 671 230 723 tate
241 669 349 736 generis
368 667 486 735 humani,
504 684 587 736 quam
606 666 759 720 conciliavit
776 666 837 734 ipsa
856 669 962 733 natura,
979 667 1020 720 ita

170 747 310 798 contracta
317 760 361 797 res
371 746 415 796 est
426 747 455 797 et
464 742 585 796 adducta
593 742 621 795 in
630 744 776 810 angustum
784 744 817 795 ut
826 741 914 795 omnis
920 740 1021 794 caritas

170 823 220 874 aut
231 820 305 873 inter
317 819 370 872 duo
383 821 431 872 aut
442 819 516 872 inter
526 834 627 887 paucos
634 817 806 885 jungeretur.

222 896 291 950 VL-
309 895 359 949 llst
381 897 472 948 autom
497 893 617 948 amicitia
639 892 707 947 nihil
730 893 806 947 aliud
825 893 877 947 nisi
901 894 1020 948 omnium

170 971 323 1026 divinarum
342 971 576 1040 humanarumque
595 986 686 1023 rerum
705 986 767 1023 cum
786 969 975 1024 benovolentia
991 972 1021 1022 et

169 1049 284 1102 caritate
303 1065 408 1102 summa
432 1047 586 1111 consensi03
612 1063 667 1115 qua
690 1046 802 1115 quidem
822 1045 896 1098 haud
913 1045 969 1099 scio
986 1061 1022 1098 an

170 1127 284 1194 excepta
296 1123 429 1192 sapientia
440 1122 507 1176 nihil
524 1123 623 1176 melius
639 1122 742 1175 homini
762 1122 826 1175 sita
843 1120 896 1174 diis
913 1120 1022 1174 immor-

169 1200 271 1254 talibus
295 1200 397 1253 datum.
445 1199 563 1264 Divitias
588 1197 634 1251 alii
658 1200 835 1266 praeponunt,
859 1196 959 1250 bonam
975 1196 1023 1250 alii

170 1275 361 1343 valetudinem,
381 1277 427 1329 alii
449 1275 609 1345 potentiam,
630 1274 675 1326 alii
694 1269 819 1339 honores,
840 1272 921 1326 multi
938 1272 1023 1326 etiam

169 1352 332 1420 voluptates.
368 1351 515 1404 Beluarum
527 1349 578 1402 hoc
590 1349 701 1418 quidem
714 1351 867 1401 extremum
880 1349 958 1413 [est]:
976 1348 1024 1402 illa

170 1430 264 1480 autem
285 1427 426 1494 superiora
445 1425 547 1478 caduca
568 1426 597 1477 et
616 1423 727 1490 incerta,
746 1423 835 1492 posita
848 1440 902 1476 non
920 1427 977 1477 tam
994 1423 1023 1478 in

170 1502 288 1557 consiliis
299 1501 401 1554 nostris
413 1518 495 1570 quam
506 1501 535 1553 in
546 1500 673 1552 fortunae
683 1499 847 1553 tomeritate.
866 1499 919 1563 Qui
930 1504 1023 1554 autem

172 1579 203 1632 in
221 1579 326 1632 virtute
344 1593 479 1631 summum
497 1575 599 1630 bonum
617 1579 729 1644 ponunt,
748 1576 887 1644 praeclare
905 1576 944 1629 illi
964 1577 1023 1645 qui-

172 1655 252 1718 dem‚;
270 1653 320 1707 sed
332 1653 399 1706 haec
410 1652 470 1722 ipsa
481 1652 571 1706 uirtus
582 1651 731 1707 amicitiam
746 1655 776 1704 et
792 1652 880 1720 gignit
892 1656 921 1706 et
938 1653 1024 1706 conti-

171 1734 230 1797 net,
251 1748 302 1784 nec
322 1730 381 1784 sine
399 1730 502 1784 uirtute
525 1729 645 1783 amicitia
668 1746 732 1784 esso.
751 1728 806 1781 ullo
827 1732 908 1797 pacto
925 1733 1024 1798 potest.

172 1814 214 1861 21.
237 1808 302 1860 Jam
320 1805 452 1860 virtutem
472 1823 506 1860 cx
525 1805 721 1859 consuetudine
742 1805 815 1859 ritae
838 1807 1025 1875 sermonisque

171 1882 258 1935 nostri
265 1882 484 1951 interpretemur,
492 1899 543 1937 neo
552 1882 620 1949 eam,
628 1885 660 1936 ut
669 1882 780 1951 quidam
790 1882 1024 1950 docti‚verb0rum

171 1958 536 2026 magnificentiametiamur3
548 1958 675 2027 virosque
682 1959 768 2013 bonos
776 1976 823 2012 cos
832 1960 879 2029 qui
888 1959 1026 2014 habentur

170 2035 479 2105 numeremus‚·Paullos,
496 2036 621 2103 Catones,
639 2035 739 2104 Gallos,
756 2036 902 2105 Scipiones,
916 2036 1024 2091 Philos:

82 2144 86 2152 -
171 2110 641 2166 hiscommunisvitacontentaest:
654 2112 1025 2180 eosautem'omittamusqui

172 2188 281 2241 omnino
296 2203 430 2256 nusquam
448 2188 630 2255 reperiuntur.
665 2187 745 2241 'Pales
759 2187 844 2255 igitur
862 2188 935 2242 inter
953 2189 1026 2242 viros

104 2262 106 2265 ’
171 2262 292 2317 amicitia
307 2266 399 2317 tantas
415 2262 636 2332 opportunitates
652 2260 737 2315 habet
756 2267 872 2329 quantas
891 2264 936 2316 vix
955 2281 1026 2331 queo

172 2339 272 2393 dicore.
307 2344 348 2391 22.
367 2338 511 2406 Principio,
524 2337 572 2406 qui
583 2339 677 2405 potest
689 2353 749 2390 esso
767 2338 824 2391 vita
833 2338 931 2403 vitalis,
942 2344 975 2393 ut
986 2341 1026 2395 ait

172 2413 286 2480 Ennius,
299 2428 369 2481 quae
380 2412 475 2465 nonin
487 2412 567 2465 amici
578 2413 675 2465 mutua
685 2410 877 2466 benevolentia
889 2416 1027 2483 conquies-

172 2490 237 2543 catl
274 2487 346 2552 Quid
358 2486 464 2541 diucius
477 2502 559 2555 quam
570 2486 674 2540 habere
691 2488 800 2555 quicum
817 2490 907 2543 omnia
924 2491 1027 2546 audeas

173 2566 213 2619 sio
227 2562 304 2631 loqui
315 2566 348 2617 ut
364 2564 474 2618 tecuml
511 2562 579 2628 Quis
597 2565 671 2617 esset
687 2566 782 2617 tantus
799 2564 905 2619 fructus
922 2566 951 2619 in
966 2584 1027 2636 pro-

174 2638 261 2708 speris
279 2638 361 2693 rebus
386 2638 439 2770 psi
462 2638 578 2693 haberes
601 2640 649 2707 qui
672 2638 726 2693 illis
749 2656 836 2709 acque
858 2658 891 2695 ac
913 2646 945 2697 tu
968 2645 1027 2713 ipse

426 2732 501 2771 ersus
517 2732 583 2771 vero
603 2716 677 2771 ferre
697 2716 806 2772 difficile
826 2720 970 2775 essetsino
994 2738 1027 2776 oo

175 2790 223 2860 qui
234 2790 294 2845 illas
302 2792 412 2860 gravius
424 2793 509 2848 etiam
518 2809 601 2861 quam
610 2796 642 2847 tu
653 2793 746 2863 ferret.
782 2795 909 2865 Denique
919 2801 1028 2852 ceterae

173 2878 219 2921 ros
242 2883 313 2936 quae
333 2871 501 2940 expetuntur
519 2873 689 2938 opportunae
712 2875 776 2925 sunt
799 2872 922 2941 singulae
944 2873 1029 2927 rebus

173 2944 231 2998 ferc
245 2944 359 3012 singulis
369 2965 376 3011 3
389 2945 501 2999 divitiae
513 2949 545 2999 ut
556 2950 637 3000 utare
647 2966 653 3011 ;
664 2962 730 3015 opes
741 2951 774 3001 ut
791 2948 882 3001 colare
892 2969 899 3013 ;
913 2948 1029 3001 honoros

173 3023 206 3073 ut
217 3019 329 3075 laudere
339 3042 346 3087 ;
357 3021 512 3090 voluptates
527 3024 560 3075 ut
578 3022 718 3089 gaudeas3
733 3023 862 3078 valetudo
882 3025 916 3075 ut
935 3021 1030 3075 dolore

173 3112 266 3151 careas
289 3100 319 3151 et
341 3098 502 3152 muneribus
529 3098 645 3165 fungare
672 3099 809 3167 corporis:
836 3096 957 3151 amicitia
983 3112 1029 3149 rcs

173 3170 305 3239 plurimas
325 3172 455 3227 continet.
500 3173 616 3241 Quoquo
638 3176 669 3227 te
688 3172 806 3227 verteris
833 3172 944 3240 praesto
966 3172 1030 3225 est:

173 2714 324 2783 gauderatl
360 2679 386 2770 h
