2250 3450
335 135 596 185 EPISTOLARUM
614 133 718 182 LIBRI
734 134 819 183 DUO.
969 136 1001 186 77

151 220 219 272 certi
239 218 378 272 babemus.
416 216 445 271 Si
469 216 537 286 quid
561 215 616 269 erit
636 214 713 282 certi,
731 214 829 268 faciam
853 216 883 268 te
907 214 1000 267 statim

150 294 303 349 certiorem.
344 293 539 347 Valetudinem
564 295 641 346 tuam
664 291 707 343 fac
729 293 762 344 ut
785 306 870 344 cures.
925 290 1003 342 Vale.

151 386 193 425 111.
207 371 276 425 Idus
288 370 414 425 Sextiles.
859 374 861 378 '
1036 368 1039 375 '

249 483 271 530 8.
306 479 464 531 TULLIUS
479 477 686 527 TERENTIAE
703 478 797 527 SUAE
814 479 886 529 SD.

408 577 474 637 (xm.
488 577 527 624 23.
562 586 661 622 auc.
681 574 747 635 707.)

150 679 171 719 s.
189 682 212 719 v.
232 680 256 719 r.
276 680 300 717 ιι.
318 679 343 718 v.
381 662 519 717 Redditae
539 662 607 716 mihi
629 662 741 716 taudem
760 666 826 717 sunt
846 681 863 718 a
887 666 1003 720 Caesare

149 741 247 794 literae
260 739 327 793 satis
338 738 484 804 liberales;
497 737 598 805 etipse
611 738 738 806 opinione
747 738 863 793 celerius
872 744 1004 795 venturus

150 832 210 869 esse
227 814 335 869 dieitur.
372 814 423 881 oui
440 817 533 867 utrum
551 813 659 866 obviam
674 814 822 883 procedam
836 832 871 868 an
883 815 928 870 hic
941 833 1003 870 eum

151 894 315 957 exspectem,
328 907 412 959 quum
425 888 601 956 constituero,
613 890 710 943 faciam
728 891 757 942 te
770 891 923 945 certiorem.
934 916 939 923 ·
954 892 1004 945 Ta-

150 966 277 1020 bellarios
288 966 355 1019 mihi
367 966 449 1019 velim
462 982 544 1034 quam
557 966 676 1034 primum
688 965 822 1020 remittas.
859 966 1003 1021 Valetudi-

149 1059 213 1096 nem
226 1045 301 1096 tuam
314 1059 380 1096 cura
391 1041 544 1109 diligenter.
584 1040 660 1094 Vale.
692 1041 724 1093 Ι).
738 1041 829 1110 pridie
842 1042 911 1096 ldus
926 1042 1001 1097 Sext.

248 1159 272 1205 9.
301 1156 460 1206 TULLIUS
477 1156 502 1205 S.
516 1156 549 1205 D.
569 1156 777 1206 TERENTIAE
794 1158 898 1207 SUAE.

409 1253 473 1316 (ιιι.
487 1255 525 1302 22.
560 1265 662 1304 nuc.
676 1252 746 1317 707.)

150 1354 172 1395 s.
189 1358 213 1395 v.
231 1355 257 1395 a.
274 1356 300 1394 n.
316 1356 342 1395 v.
379 1339 405 1392 N
407 1356 437 1393 os
454 1340 578 1410 quotidie
594 1340 753 1395 tabellarios
768 1344 876 1395 nostros
892 1356 1005 1416 exspec-

151 1417 248 1482 tamus,
270 1416 318 1483 qui
337 1415 360 1469 si
380 1416 512 1481 venerint,
529 1417 647 1470 fortasse
666 1417 767 1470 erimus
787 1418 918 1470 certiores
937 1418 1005 1486 quid

151 1489 230 1543 nobis
248 1491 402 1545 iaciendum
421 1492 464 1557 sit,
483 1492 670 1559 faciemusque
688 1496 717 1545 to
736 1492 829 1546 statim
851 1493 1003 1547 certiorem.

152 1566 347 1620 Valetudinem
373 1570 455 1620 tuam*
474 1584 539 1621 cura
562 1568 718 1636 diligenter.
754 1568 834 1622 Vale.
871 1568 1005 1623 Kalendis

153 1640 368 1711 Septembribus.

250 1765 288 1811 10.
313 1762 473 1814 TULLIUS
489 1761 514 1813 S.
527 1765 560 1812 D.
573 1765 782 1812 TERENTIAE
799 1765 901 1813 SUAE.

405 1863 470 1924 (ιιι.
483 1864 522 1911 20.
557 1875 582 1910 n.
596 1873 621 1909 u.
634 1874 656 1910 o.
675 1862 741 1922 707.)

91 1971 92 1976 ¹
152 1949 187 2002 In
205 1949 385 2003 Tusculanum
405 1965 455 2003 nos
478 1952 610 2004 uenturos
630 1952 759 2018 putamus
779 1953 828 2003 aut
849 1949 935 2003 Nonis
956 1954 1005 2004 aut

150 2025 290 2094 postridie.
328 2025 374 2079 Ibi
388 2029 420 2079 ut
438 2025 494 2080 sint
507 2025 598 2078 omnia
614 2029 719 2094 parata.
755 2025 852 2079 Plures
869 2027 941 2079 enim
952 2028 1006 2080 for

151 2107 225 2156 tasse
240 2101 380 2155 nobiscum
398 2105 488 2169 erunt,
500 2104 530 2155 et
541 2105 574 2154 ut
587 2100 707 2154 arbitror
723 2101 827 2155 diutius
839 2102 877 2155 ibi
888 2119 1005 2155 commo

152 2178 280 2232 rabimur.
317 2178 439 2231 Labrum
461 2179 485 2231 si
505 2177 535 2230 in
554 2177 663 2230 balineo
680 2195 733 2230 non
752 2182 803 2245 est,
819 2181 852 2231 ut
867 2178 920 2242 sit;
937 2178 1004 2231 item

151 2259 243 2308 cetera
259 2270 329 2322 quae
346 2253 458 2308 suntad
476 2253 578 2307 victum
597 2256 627 2306 et
644 2252 829 2306 valetudinem
846 2254 1004 2307 necessaria

152 2330 229 2383 Vale.
266 2329 328 2383 Kal.
341 2329 451 2383 Octobr.
466 2329 501 2382 de
515 2329 661 2381 Venusino.

378 2449 416 2497 11.
446 2446 605 2497 TULLIUS
622 2446 750 2494 TIRONI
767 2447 792 2495 S.

407 2546 471 2607 (ιιι.
486 2547 524 2593 10.
559 2557 586 2592 A.
600 2556 625 2592 u.
638 2556 660 2591 o.
680 2541 750 2606 700.)

152 2637 211 2704 Ego
222 2650 288 2690 vero
300 2633 379 2703 cupio
391 2636 421 2687 te
433 2633 469 2686 ad
481 2649 525 2686 me
537 2631 649 2697 venire3
667 2630 718 2684 sed
730 2629 802 2683 riam
814 2629 906 2683 timeo.
935 2629 1005 2684 Gra-

151 2712 262 2766 vissima
274 2708 441 2777 aegrotasti:
460 2707 552 2762 inedia
564 2710 594 2760 et
605 2705 816 2776 purgationibus
832 2708 862 2758 et
879 2705 906 2758 ri
920 2705 1006 2773 ipsius

152 2787 239 2841 morbi
251 2787 427 2854 consumptus
440 2801 476 2838 es.
509 2783 613 2838 Graves
626 2782 715 2835 solent
727 2781 888 2835 offensiones
900 2797 959 2834 esse
971 2798 1005 2834 ex

152 2862 281 2931 gravibus
299 2859 409 2927 morbis,
423 2860 446 2913 si
464 2875 534 2928 quae
553 2859 634 2927 culpa
651 2858 795 2911 commissa
806 2860 856 2910 est.
893 2857 958 2908 Jam
969 2854 1006 2908 ad

152 2938 183 2992 id
197 2937 318 3002 biduum,
331 2934 405 3004 quod
420 2935 506 2988 fueris
520 2934 548 2986 in
565 2934 611 2986 via
627 2933 693 2986 dum
709 2933 737 2985 in
755 2933 907 2986 Cumanum
922 2931 1005 2997 venis,

152 3015 285 3068 accedent
305 3012 433 3067 continuo
453 3011 488 3064 ad
507 3009 630 3063 reditum
651 3009 711 3061 dies
732 3009 862 3076 quinque.
899 3006 957 3073 Ego
978 3006 1006 3058 in

154 3081 299 3144 Formiano
311 3106 334 3142 a.
347 3089 374 3143 d.
387 3103 428 3140 111.
444 3085 560 3139 Kalend.
575 3101 635 3138 esse
647 3084 715 3136 volo.
751 3084 796 3137 Ibi
808 3088 837 3137 te
848 3085 881 3136 ut
897 3082 1006 3134 firmum

153 3166 297 3231 offendam,
309 3165 348 3218 mi
364 3165 435 3230 Tiro,
448 3162 530 3215 effice.
568 3159 709 3213 Literulae
725 3175 803 3213 meae
821 3160 879 3213 sive
894 3160 1006 3210 nostrae

201 3239 214 3282 7
