2250 3450
343 146 603 198 sermonicum
619 147 826 202 amarrico,
905 136 907 140 ’
966 155 1014 204 me

156 243 233 288 nuuc
243 245 306 286 cum
320 226 355 282 iis
367 221 477 283 tantum
490 225 595 296 negotii
609 227 660 296 est,
676 227 710 283 ut
725 231 847 283 restrum
860 227 931 284 illud
946 230 1011 285 divi·

160 325 226 363 num
249 306 278 359 in
301 302 519 373 rempublicam
543 303 707 358 beneficium
730 299 889 359 nonnullam
912 304 1015 362 habeat

161 383 307 455 querelam.
343 379 424 446 Quod
444 395 509 434 vero
531 392 549 435 a
571 383 601 435 te
619 379 678 434 viro
698 382 803 451 optimo
823 381 954 437 seductus
971 387 1015 439 est

160 464 264 528 tuoque
275 455 408 512 beneficio
419 455 509 511 adhuc
520 456 589 512 vivit
600 457 667 512 hacc
678 459 772 526 pestis,
785 457 929 525 interdum,
939 459 1015 528 quod

161 536 228 590 mihi
238 535 285 591 rix
297 533 338 589 ias
349 534 400 604 est,
413 534 464 589 tibi
477 535 636 590 subirascor.
672 535 741 589 Mihi
753 535 826 588 enim
834 536 938 604 negotii
953 536 1015 606 plus

161 612 296 682 reliquisti
307 606 355 666 urii
369 628 452 680 quam
464 616 577 681 praeter
588 628 633 666 me
644 610 778 666 omnibus.
813 611 854 665 Ut
870 611 941 666 enim
961 612 1015 682 pri-

160 705 235 743 mum
264 687 328 760 pest
358 685 473 742 Antonii
503 688 690 742 foedissimum
721 687 871 743 discessum
902 692 1014 742 senatus

161 764 256 819 haberi
280 765 366 819 libere
389 765 487 834 potuit,
507 764 543 818 ad
562 765 639 819 illum
659 765 779 818 mimum
798 779 890 818 meum
910 764 1014 819 reverti

161 841 314 908 pristinum,
327 857 409 910 quem
421 844 453 894 tu
465 857 527 894 cum
544 841 597 894 civi
615 842 747 895 acerrime
761 844 843 910 patre
857 842 906 894 tuo
920 839 950 893 in
966 856 1014 895 ore

161 919 190 970 et
205 933 299 970 amore
317 933 425 986 semper
443 915 571 971 habuisti
608 917 679 972 Nam
697 934 782 988 quum
802 919 928 971 senatum
945 933 971 971 a.
986 916 1014 979 d,

160 1007 221 1046 1111.
234 992 376 1046 Kalendas
390 993 409 1046 J
411 992 537 1047 annarias
550 993 655 1048 tribuni
664 993 738 1064 plebi
744 994 914 1048 vocavissent
922 991 1028 1062 deque·

160 1069 214 1122 alia
227 1085 260 1122 re
275 1069 419 1137 referrent,
435 1072 522 1124 tetam
542 1085 603 1124 rem
623 1070 759 1139 publicam
777 1085 837 1123 sum
856 1069 1013 1137 complexus

160 1143 259 1211 egique
269 1144 410 1211 acerrime,
426 1148 609 1214 senatumque
617 1145 677 1214 jum
689 1145 865 1213 languentem
878 1148 909 1198 et
924 1144 1014 1198 defes-

161 1219 269 1273 sumad
286 1219 430 1287 pristinam
446 1221 578 1275 virtutem
594 1220 873 1288 consuetudinemque
888 1219 1011 1273 revocavi

160 1294 248 1362 magis
267 1294 349 1348 animi
371 1311 453 1364 quam
472 1295 574 1363 ingenii
596 1295 709 1349 viribus
744 1295 798 1349 Hic
817 1294 877 1348 dies
896 1309 1011 1362 meaque

160 1370 299 1423 eontentio
322 1372 406 1437 atque
429 1371 500 1423 aetio
524 1386 601 1437 spem
625 1371 743 1438 primum
766 1370 866 1439 popule
890 1370 1012 1425 Romane

161 1444 256 1499 attulit
277 1444 415 1498 libertatis
435 1445 646 1512 recuperandae.
681 1445 742 1499 Nee
757 1462 822 1500 vere
840 1447 899 1515 ipse
917 1449 1012 1516 pestes

161 1523 271 1588 tempus
293 1519 377 1572 ullum
397 1519 533 1573 intermisi
556 1518 592 1572 de
615 1536 646 1574 re
668 1520 777 1589 publica
799 1537 853 1574 non
875 1522 1013 1590 cogitandi

161 1595 248 1650 selum
260 1594 404 1649 sedetiam
416 1594 521 1662 agendi
550 1595 630 1659 Quod
641 1596 695 1650 nisi
705 1613 751 1650 res
766 1596 884 1649 urbanas
897 1600 1012 1665 actaque

161 1671 251 1726 onmia
274 1670 310 1725 ad
333 1673 363 1726 te
390 1670 506 1741 perferri
534 1671 693 1741 arbitrarer,
720 1671 780 1740 ipse
807 1672 1009 1743 perscriberem,

161 1763 326 1817 quamquam
349 1762 425 1801 eram
448 1747 575 1801 maximis
602 1746 826 1817 occupationibus
851 1746 1007 1817 impeditus

161 1822 217 1877 Sed
228 1823 428 1891 illacoguosces
439 1838 474 1877 ex
486 1823 561 1883 aliis;
573 1839 590 1887 a
601 1838 646 1877 me
654 1838 748 1892 pauca,
760 1826 789 1878 et
801 1839 834 1877 ea
847 1825 1010 1879 summatim.

161 1898 302 1953 Habemus
318 1899 418 1952 fertem
434 1901 576 1963 senatum
592 1899 748 1955 consulares
772 1898 875 1968 partim
891 1900 1008 1967 timidos,

160 1974 262 2044 partim
274 1973 346 2028 male
358 1973 515 2029 sentientes
551 1974 684 2047 Magnum
700 1975 831 2029 damnum
846 1976 950 2029 factum
967 1980 1010 2030 est

159 2050 303 2105 inservio.
332 2050 364 2104 L.
372 2050 473 2105 Caesar
487 2050 593 2119 optime
604 2052 701 2106 sentit:
718 2050 768 2106 sed
777 2051 852 2120 qued
863 2052 1010 2105 avuncrilus

160 2129 276 2180 estnon
293 2125 439 2186 acerrimas
459 2124 528 2180 dicit
546 2126 703 2181 sententies
739 2126 869 2182 Consules
892 2127 1010 2195 egregii:

160 2201 315 2270 praeclarus
324 2201 359 2255 1).
367 2200 485 2256 Brutus:
500 2202 627 2273 egregius
634 2218 704 2274 puer
710 2202 818 2271 Caesar,
826 2202 861 2257 de
871 2219 925 2272 que
932 2217 1011 2271 spero

160 2276 288 2346 equidem
316 2276 427 2346 reliqua
465 2277 527 2331 Hoc
552 2294 618 2331 vere
641 2281 748 2333 certum
766 2275 874 2345 habete,
893 2277 945 2331 nisi
965 2276 1011 2331 ille

160 2357 303 2407 veteranos
326 2352 453 2407 celeriter
471 2353 676 2421 conscripsisset
691 2353 867 2422 legionesque
885 2352 958 2407 duae
975 2352 1011 2407 de

160 2428 283 2483 exercitu
302 2427 419 2483 Antonii
437 2428 474 2482 ad
492 2427 554 2497 ejus
572 2444 602 2483 se
622 2430 813 2487 auctoritatem
832 2427 1011 2483 eontulissent

159 2507 244 2573 atque
255 2505 281 2557 is
292 2504 434 2572 oppositus
445 2508 519 2562 esset
532 2509 624 2560 terror
635 2504 766 2575 Antonio,
776 2504 844 2562 nihil
860 2504 1011 2559 Antonium

160 2580 278 2644 sceleris,
297 2579 365 2634 nihil
388 2578 566 2649 crudelitatis
580 2582 796 2650 praeteriturum
810 2580 901 2636 fuisse.
933 2580 1011 2635 Haec

159 2654 212 2709 tibi
223 2655 278 2710 etsi
289 2655 384 2710 audita
395 2672 456 2710 esse
467 2656 630 2725 arbitrabar,
637 2657 710 2712 volui
721 2660 814 2712 tamen
825 2657 932 2710 notiora
942 2670 1011 2710 esse.

160 2730 245 2785 Plura
255 2730 380 2800 scribam,
392 2731 416 2785 si
427 2732 490 2800 plus
501 2732 551 2787 otii
563 2731 691 2787 habuero.

102 2922 105 2925 ἢ
176 2848 216 2902 17.
247 2850 285 2899 Μ.
304 2851 431 2901 sicano
448 2852 475 2905 S.
492 2851 527 2902 D.
544 2852 578 2902 D.
597 2850 810 2913 BRUTQIMP.
828 2850 898 2901 OOS.
916 2848 992 2901 Das,

432 2939 480 3003 (11.
493 2941 519 2997 8,
551 2951 618 2999 aiu.
632 2950 657 2989 e.
668 2938 734 3003 711.)

160 3042 202 3098 Ee
217 3046 342 3112 tempore
360 3042 442 3107 Polla
457 3046 511 3107 tua
523 3042 603 3103 misit
618 3046 655 3103 ut
668 3042 707 3099 ad
722 3045 754 3096 te
772 3039 799 3095 si
819 3038 887 3108 quid
910 3036 1008 3091 vellem

160 3119 257 3174 darem
271 3119 422 3189 literarum,
434 3135 521 3188 quum
538 3118 610 3188 quid
625 3117 775 3173 scriberem
791 3128 848 3185 nun
866 3111 1008 3166 habebam.

160 3193 261 3249 Omnia
284 3193 357 3252 enim
379 3197 460 3252 eraut
485 3209 617 3263 suspensa
640 3195 755 3262 prepter
777 3185 1008 3257 exspectationem
