2250 3450
370 166 537 216 nannius.
574 151 651 216 cnr.
670 166 734 218 vn.
753 169 833 218 VIII.
987 175 1016 223 ar

172 249 295 304 homines
314 248 388 318 quod
402 248 498 302 ¹iacere
514 247 568 317 ipsi
586 264 640 301 non
652 251 769 316 possent,
781 248 811 302 id
829 252 906 304 reete
921 252 981 306 fieri
991 251 1020 305 in

171 326 260 380 altero
274 325 440 394 judicarent.
477 325 620 379 Hactenus
637 325 705 378 mihi
725 325 820 379 videor
843 327 879 380 de
902 328 1022 382 amieItia

172 402 241 472 quid
252 401 383 456 sentirem
401 401 523 470 potuisse
544 400 645 456 dicere.
681 401 766 469 Siqua
783 406 927 470 praeterea
949 409 1021 469 sunt,

171 478 254 532 credo
273 481 366 532 autem
388 494 447 532 esse
466 478 559 544 multa,
576 476 612 530 ab
629 478 671 545 iis,
692 478 715 530 si
734 477 880 545 videbitur,
898 479 946 547 qui
967 479 1021 532 ista

131 582 134 587 ·
171 553 488 622 dIsputantquaeritotc.
517 559 559 606 25.
579 553 1022 623 FiamNosautematepotius:

171 646 336 698 quamquam
364 629 446 684 etiam
474 629 509 682 ab
537 628 599 683 istis
627 646 708 697 saepe
731 629 852 698 quaesivi
877 634 906 684 et
929 630 1021 684 audiui

100 735 103 740 ·
170 721 225 759 non
236 705 338 760 invitus
350 705 486 774 equidem,
499 704 548 758 sed
566 705 641 758 aliud
653 704 791 774 quoddam
803 705 879 759 iilum
891 705 1021 760 orationis

170 784 241 835 tuae.
278 782 376 836 Scsnv.
395 781 464 834 Tum
485 781 572 849 magis
594 781 623 834 id
643 781 756 849 diceres,
778 781 871 849 llanni,
890 782 913 834 si
930 798 1019 850 nuper

170 856 199 910 in
210 857 298 912 hortis
314 857 453 927 Scipionis,
466 873 550 926 quum
569 861 612 911 est
624 857 660 910 de
672 857 824 926 republica
843 857 1021 927 disputatum,

170 933 312 988 adfuisses.
348 933 441 999 Qualis
450 936 511 987 tum
527 937 658 1002 patronus
674 933 801 1001 justitIae
813 934 968 987 luitcontra
979 950 1021 988 ae

170 1013 293 1064 curatam
305 1009 454 1064 orationem
464 1008 553 1062 Phili!
591 1009 680 1062 unm.
699 1009 790 1063 Facile
802 1010 832 1063 id
844 1009 956 1077 quidem
967 1009 1021 1064 fuit

166 1083 303 1152 justitiam
311 1085 465 1154 justissimo
478 1085 536 1138 viro
554 1084 712 1139 defendere.
748 1085 847 1140 Scnnr.
866 1085 939 1150 Quid
955 1085 1020 1138 ami·

170 1161 282 1215 citiam?
318 1159 416 1215 Nonne
427 1160 506 1214 facile
519 1162 544 1214 ei
562 1162 608 1230 qui
625 1161 662 1214 ob
680 1178 741 1215 eam
761 1179 865 1216 summa
883 1162 939 1216 lide
958 1178 1020 1215 con-

170 1237 271 1291 stantia
275 1237 439 1306 justitiaque
450 1240 587 1291 servatam
599 1238 745 1290 maximam
756 1238 869 1306 gloriam
878 1238 1002 1306 ceperiti

222 1313 308 1368 VIII.
327 1319 368 1367 26.
386 1313 471 1366 Lana.
491 1313 554 1366 Vim
572 1313 622 1366 hoc
632 1312 743 1381 quidem
757 1318 799 1367 est
811 1313 915 1367 afferre.
946 1313 1019 1378 Quid

170 1388 242 1441 enim
267 1389 351 1443 refert
375 1405 430 1456 qua
452 1405 496 1441 me
520 1389 626 1442 ratione
649 1389 770 1456 cogatis?
811 1389 915 1457 eogitis
938 1393 1019 1442 certe.

171 1463 277 1517 Studiis
296 1464 367 1518 enim
384 1479 555 1532 generorum,
567 1465 729 1532 praesertim
747 1463 776 1518 in
794 1482 826 1519 re
844 1464 922 1531 bona,
935 1481 1019 1532 quum

172 1538 281 1592 difficile
293 1533 336 1592 est
347 1541 406 1592 turn
418 1555 461 1592 ne.
471 1555 588 1608 aequum
608 1538 720 1608 quidem
737 1540 877 1594 obsistere.
913 1540 1019 1608 Saepis

172 1614 240 1668 sime
262 1613 347 1683 igitur
366 1614 432 1667 mihi
457 1615 492 1668 de
516 1614 637 1668 amicitia
660 1616 791 1684 eogItanti
815 1617 932 1670 merline
951 1615 1018 1669 illud

171 1689 397 1745 considerandum
416 1690 504 1745 videri
521 1689 597 1758 solet,
609 1696 701 1747 utrum
720 1695 834 1761 propter
850 1691 1019 1747 imbecillita-

169 1767 227 1817 tem
249 1766 333 1831 atque
354 1763 479 1831 inopiam
496 1762 653 1817 desiderata
674 1762 712 1817 sit
729 1763 855 1831 amicitia,
872 1767 906 1817 ut
923 1764 1022 1820 dandis

170 1838 388 1908 recipiendisque
401 1838 513 1906 meritis,
526 1837 601 1907 quod
615 1838 730 1906 quisque
747 1839 835 1892 minus
850 1856 901 1907 per
916 1857 946 1894 se
961 1841 1022 1910 ipse

169 1917 268 1983 posset,
290 1914 321 1967 id
341 1914 479 1983 acciperet
501 1914 536 1967 ab
558 1914 610 1967 alio
632 1913 806 1982 vicissimque
827 1915 967 1983 redderet,
985 1932 1021 1969 aa

169 1995 242 2045 esset
258 1990 309 2044 hoe
326 1990 437 2059 quidem
454 1990 595 2059 proprium
611 1990 755 2055 amicitiae,
774 1990 820 2044 sed
837 1992 975 2061 antiquior
991 1994 1021 2046 et

169 2066 307 2134 pulchrior
328 2069 356 2121 et
374 2066 462 2135 magis
484 2083 501 2120 a
519 2070 618 2119 natura
636 2064 697 2135 ipsa
714 2067 838 2136 profecta
859 2068 912 2121 alia
932 2084 1020 2122 causa

171 2143 258 2195 Amor
273 2142 353 2211 enim,
366 2159 400 2196 ex
417 2159 471 2211 quo
488 2143 606 2196 amicitia
623 2143 763 2197 nominata
778 2147 828 2210 est,
840 2144 966 2213 princeps
978 2147 1021 2198 eet

169 2218 206 2271 ad
224 2218 441 2273 benevolentiam
460 2218 686 2287 conjungendam.
722 2219 748 2272 N
750 2236 794 2272 am
810 2220 946 2274 utilitates
963 2221 1021 2287 qui-

169 2293 231 2347 dem
242 2295 325 2349 etiam
336 2294 371 2347 ab
383 2294 416 2348 iis
428 2296 616 2365 percipiuntur
626 2312 708 2363 saepe
718 2296 765 2364 qui
775 2295 948 2349 simulatione
955 2296 1021 2348 ami-

126 2372 130 2377 “
169 2369 250 2423 citiae
265 2369 390 2424 coluntur
407 2373 435 2423 et
451 2364 631 2423 observantur
646 2371 779 2439 temporis
797 2386 892 2423 causa:
909 2372 937 2423 in
954 2370 1020 2423 ami-

169 2445 235 2498 citia
251 2449 344 2499 autem
360 2445 427 2498 nihil
444 2444 547 2512 fictum,
563 2446 630 2498 nihil
648 2446 823 2510 simulatum
840 2449 870 2499 et
884 2445 1020 2513 quidquid

170 2523 220 2586 est,
232 2519 262 2571 id
274 2522 303 2572 et
315 2535 409 2572 verum
425 2522 469 2572 est
485 2522 515 2573 et
526 2519 717 2574 voluntarium.
754 2524 795 2577 27.
814 2521 988 2589 Quapropter
1003 2536 1021 2575 a

165 2598 270 2649 'natura
293 2596 360 2654 mild
383 2595 493 2650 videtur
510 2596 602 2665 potius
625 2612 707 2665 quam
727 2596 762 2650 ab
783 2597 935 2667 indigentia
957 2604 1019 2655 orta

171 2671 298 2738 amicitia,
311 2670 491 2741 applicatione
509 2670 597 2739 magis
615 2671 699 2725 animi
715 2688 776 2726 cum
794 2674 912 2743 quodam
937 2692 1018 2730 sensu

171 2746 281 2801 amandi
304 2763 387 2816 quam
410 2747 574 2815 cogitatione
597 2751 728 2815 quantum
753 2749 800 2802 illa
822 2767 868 2804 res
890 2750 1019 2805 utilitatis

171 2826 244 2877 esset
253 2822 389 2877 habitura.
425 2823 504 2887 Quod
513 2822 623 2890 quidem
638 2824 718 2892 qualo
731 2825 768 2879 sit
779 2825 862 2879 etiam
875 2826 905 2879 in
921 2826 1018 2881 bestiis

171 2899 336 2967 quibusdam
355 2898 535 2953 animadverti
554 2902 654 2967 potest,
675 2916 746 2968 quae
769 2918 804 2955 ex
827 2918 857 2955 se
878 2905 957 2955 natos
978 2902 1018 2955 ita

170 2979 264 3029 amant
283 2974 320 3028 ad
339 2974 477 3045 quoddam
496 2978 606 3044 tempus
623 2978 653 3029 et
670 2976 705 3030 ab
725 2978 765 3030 eis
784 2978 823 3030 ita
841 2981 967 3029 amantur
985 2979 1018 3030 ut

169 3051 250 3107 facile
262 3068 355 3106 earum
375 3067 473 3105 sensus
488 3055 628 3120 appareat.
664 3051 743 3116 Quod
761 3053 790 3106 in
807 3052 916 3106 homine
931 3051 1018 3104 multo

169 3132 213 3183 est
231 3128 403 3183 euidentius:
422 3128 540 3196 primum
558 3144 593 3181 ex
612 3144 646 3181 ea
663 3127 779 3182 caritate
797 3143 868 3196 quac
888 3130 931 3179 est
946 3126 1018 3177 inter

168 3209 248 3325 natop
266 3209 295 3261 et
312 3207 449 3275 parentes,
468 3218 539 3273 quae
557 3202 650 3258 dirimi
667 3204 720 3258 nisi
739 3200 897 3258 detestabili
915 3198 1018 3253 scelere
