2250 3450
368 126 625 178 EPISTOLARUM
642 126 745 176 LIBRI
761 125 845 176 DUO.
1002 129 1033 186 93

179 211 272 264 studio
287 208 411 277 Pompeii
425 207 513 262 nostri
526 207 575 277 qni
587 206 734 261 Gaesarem
749 221 811 259 sero
823 204 915 273 coepit
927 205 1033 259 timere.

180 285 207 338 N
209 285 268 338 obis
282 285 356 338 inter
370 284 420 337 lius
435 283 532 337 turbae
548 287 661 338 senatus
676 286 770 336 tamen
786 281 917 349 frequens
929 281 1034 349 flagita-

162 361 222 415 .vit
238 360 421 430 triumphum:
439 358 495 413 sed
512 359 647 414 Lentulus
663 357 834 427 consulque
849 356 939 424 majus
955 373 1034 410 suum

180 434 345 490 beneficium
362 437 474 504 iaceret,
486 435 567 490 simul
586 439 670 504 atque
683 433 840 502 expedisset
854 449 924 504 quae
943 436 1036 487 essent

180 512 337 566 necessaria
351 512 387 566 de
403 527 434 565 re
450 510 561 581 publica
578 510 650 564 dixit
666 527 697 564 se
713 510 872 564 relaturum.
908 508 966 562 Nos
978 507 1036 576 agi·

180 604 241 642 mus
264 587 332 642 nihil
351 587 459 657 cupide,
481 604 570 657 coque
589 590 632 641 est
652 591 746 644 nostra
765 587 857 656 pluris·
876 585 1035 640 auctoritas.

179 664 280 718 ltaliae
298 664 424 733 regiones
442 663 592 732 discriptae
611 666 675 717 suut
692 679 775 733 quam
791 662 909 733 quisque
927 664 1034 730 partem

180 743 314 795 tueretur.
355 739 381 793 N
383 756 414 793 os
438 740 561 808 Capuam
591 739 764 808 sumpsimus.
810 739 888 792 Haec
912 741 942 793 te
965 737 1035 792 scire

179 817 259 871 volui.
294 817 335 870 'l'u
348 816 432 870 etiam
449 819 535 885 atque
550 815 635 870 etiam
652 832 718 869 eura
733 818 766 869 ut
780 815 872 869 valeas
884 814 1035 882 literaeque

180 893 218 946 ad
232 910 277 947 me
293 893 390 947 mittas
408 894 637 962 quotiescumque
653 892 768 948 babebis
787 892 831 947 cui
849 890 907 946 des.
942 889 1035 944 Etiam

179 971 264 1038 atque
275 969 359 1024 etiam
372 968 439 1024 vale.
476 968 509 1022 D.
521 969 613 1038 pridie
627 969 694 1022 Idus
708 969 771 1024 Jau.

282 1086 305 1134 8.
340 1085 378 1135 Μ.
397 1085 487 1135 CATO
504 1086 530 1137 S.
549 1087 583 1136 D.
602 1086 641 1137 M.
660 1085 831 1135 CICERONI
848 1084 926 1133 IMP.

445 1175 498 1238 (xv,
517 1177 541 1224 5.
576 1187 680 1224 auc.
699 1175 765 1236 704.)

179 1271 260 1336 Quod
279 1276 310 1328 et
328 1290 373 1328 res
396 1273 508 1342 publica
525 1291 571 1327 me
596 1276 624 1328 et
641 1276 736 1328 nostra
755 1272 876 1328 amicitia
898 1271 1036 1337 hortatur,

178 1347 298 1402 libenter
315 1349 391 1416 facio,
409 1352 442 1401 ut
459 1353 537 1402 tuam
552 1349 693 1415 virtutem,
712 1349 903 1414 innocentiam,
921 1347 1036 1414 diligen·

179 1423 255 1489 tiam,
273 1424 412 1491 cognitam
429 1424 457 1476 in
475 1423 603 1477 maximis
621 1423 712 1491 rebus,
731 1424 805 1478 domi
823 1422 919 1491 togati,
937 1423 1037 1476 armati
1119 1469 1120 1472 ,

180 1497 254 1563 ioris,
283 1497 346 1567 pari
374 1498 512 1553 industria
540 1500 728 1555 administrari
758 1499 900 1568 gaudeam.
936 1497 1036 1567 Itaque

180 1573 255 1640 quod
271 1590 323 1642 pro
339 1591 400 1628 meo
414 1574 522 1642 judicio
539 1577 630 1630 facere
640 1576 736 1644 potui,
752 1579 784 1629 ut
804 1574 960 1630 innocentia
974 1590 1037 1628 con-

180 1649 295 1719 silioque
316 1652 364 1704 tuo
385 1649 527 1704 defensam
550 1651 725 1718 provinciam,
744 1654 882 1706 servatum
904 1649 1037 1705 Ariobar-

179 1727 253 1780 zanis
269 1743 340 1781 cum
360 1727 427 1796 ipso'
438 1743 505 1794 rege
523 1744 647 1796 regnum,
667 1730 801 1784 sociorum
825 1731 982 1783 revocatam
999 1727 1036 1781 ad

174 1802 303 1857 studium
326 1802 435 1872 imperii
458 1803 545 1857 nostri
570 1804 746 1873 voluntatem,
765 1806 903 1861 sententia
926 1820 989 1859 mea
1007 1808 1037 1858 et

180 1877 292 1932 decreto
304 1878 453 1945 laudarem,
466 1879 526 1935 teci.
562 1881 795 1951 Supplicationem
807 1881 956 1949 decretam,
969 1881 992 1934 si
1005 1883 1037 1934 tu

180 1954 274 2022 quain
289 1972 320 2009 re
335 1955 403 2009 nihil
419 1956 533 2011 fortuito
550 1957 601 2010 sed
618 1974 725 2011 summa
740 1962 790 2013 tua
806 1958 912 2013 ratione
927 1959 957 2011 et
974 1972 1036 2010 con·

179 2030 297 2085 tinentia
317 2031 502 2100 reipublicae
522 2033 663 2101 provisum
690 2039 734 2090 est
755 2034 809 2089 diis
834 2032 1036 2088 immortalibus

178 2106 312 2173 gratulmi
323 2121 373 2159 nos
386 2123 469 2174 quam
480 2106 532 2160 tibi
544 2108 648 2162 referre
660 2114 802 2180 acceptum
816 2110 910 2177 mavis,
920 2108 1036 2177 gaudeo.

181 2182 302 2246 Quodsi
321 2182 454 2250 triumphi
469 2184 691 2252 praerogativam
709 2189 791 2254 putas
809 2185 1036 2255 supplicationem

180 2261 210 2312 et
226 2256 329 2311 idcireo
345 2273 439 2311 casum
454 2258 548 2326 potius
564 2275 648 2328 quam
662 2262 692 2313 te
710 2260 818 2314 laudari
836 2262 936 2328 maris,
946 2277 1036 2330 neque

180 2332 408 2402 supplicationem
420 2334 546 2403 sequitur
558 2351 669 2404 semper
680 2336 843 2405 triumphus,
856 2341 886 2392 et
896 2337 1037 2406 triumpho

179 2408 268 2462 multo
291 2408 390 2462 clarius
414 2412 465 2476 est,
488 2414 615 2464 senatum
640 2410 770 2479 judicare
795 2413 888 2481 potius
911 2428 1037 2467 mansue-

181 2484 279 2538 tudine
293 2487 330 2538 et
349 2483 506 2538 innocentia
523 2484 699 2554 imperatoris
721 2487 887 2557 provinciam
906 2503 987 2555 quam
1008 2488 1036 2543 vi

180 2558 300 2614 militum
318 2562 368 2614 aut
386 2558 560 2629 benignitate
578 2562 695 2617 deorum
715 2566 854 2619 retentam
872 2565 957 2632 atque
974 2580 1037 2619 con-

181 2639 319 2690 servatam
345 2652 423 2692 esse:
452 2637 528 2706 quod
553 2654 606 2707 ego
628 2656 691 2694 mea
719 2641 856 2696 sententia
881 2641 1036 2697 censebam.

182 2711 278 2780 Atque
300 2712 369 2767 haec
386 2729 439 2782 ego
458 2714 562 2769 idcirco
581 2716 619 2770 ad
638 2719 668 2771 te
690 2719 787 2772 contra
810 2717 1036 2771 consuetudinem

180 2803 273 2842 meam
287 2788 413 2858 pluribus
425 2791 521 2860 scripsi
535 2794 576 2861 ut,
588 2793 663 2861 quod
679 2794 799 2849 maxime
812 2793 881 2861 volo,
894 2793 1036 2849 existimes

181 2879 226 2917 me
241 2864 368 2920 laborare
382 2870 415 2920 ut
429 2866 482 2920 tibi
498 2868 680 2937 persuadeam
696 2886 741 2925 me
757 2874 787 2925 et
800 2868 920 2926 voluisse
937 2870 974 2926 de
987 2873 1037 2925 tua

180 2940 235 3009 maj
239 2945 329 2995 estate
341 2942 416 3011 quod
428 2943 627 3013 amplissimum
643 2946 694 2999 sim
706 2947 864 3014 arbitratus,
876 2949 907 3001 et
917 2946 992 3015 quod
1004 2949 1036 2999 tu

180 3016 303 3071 maluisti
322 3017 427 3074 factum
448 3036 509 3073 esse
523 3021 653 3089 gaudere.
688 3022 768 3093 Vale,
783 3027 814 3079 et
829 3038 881 3078 nos
897 3022 990 3091 dilige,
1005 3024 1037 3075 et
1091 3060 1093 3065 -

180 3093 310 3149 instituto
321 3094 422 3150 itinere
434 3098 613 3153 severitatem
624 3098 850 3170 diligentiamque
861 3098 942 3153 sociis
954 3100 984 3152 et
995 3097 1036 3150 rei

180 3170 435 3289 pugiliceepraesta
475 3202 483 3212 ·
