2250 3450
22 102 26 110 '
94 133 124 180 ao
247 101 248 106 ’
324 133 362 182 n.
381 133 509 187 runnu
526 136 718 187 cronacum

92 211 146 268 tari
157 212 221 268 siin
233 212 343 268 honoris
354 217 556 271 contentionem
567 218 740 275 incidissent:
753 225 859 290 pestem
872 225 946 279 enim

90 285 192 346 nullam
208 291 340 362 majorem
358 309 419 349 esse
453 293 482 346 in
500 294 627 349 amicitiis
651 313 733 365 quam
756 298 785 350 in
807 300 946 370 plerisque

92 369 223 438 pecuniae
249 367 438 437 cupiditatem,
462 370 491 422 in
514 371 626 438 optimis
649 371 804 442 quibusque
834 374 945 430 honoris

91 446 231 498 certamen
246 447 275 497 et
286 443 403 510 gloriae,
420 461 454 498 ex
466 461 521 514 quo
540 446 697 502 inimicitias
715 452 848 504 maximas
862 468 945 520 saepe

92 520 165 574 inter
176 519 353 574 amicissimos
368 520 513 575 exstitisse.
549 527 590 576 35.
609 523 711 591 Magna
729 525 812 578 etiam
830 527 945 582 discidia

92 600 122 650 ct
133 595 294 664 plerumque
302 594 380 664 justa
391 596 473 664 nasci,
488 615 573 667 quum
591 599 695 666 aliquid
709 600 745 653 ab
759 601 852 655 amicis
869 604 944 672 quod

91 675 197 725 rectum
208 687 263 725 non
279 675 354 726 esset
363 673 564 748 postularetur,
581 678 614 728 ut
625 678 674 729 aut
689 674 811 730 libidinis
825 678 944 733 ministri

91 749 140 802 aut
151 746 293 816 adjutores
304 744 397 802 essent
409 747 446 802 ad
456 747 592 818 injuriam.
627 750 707 814 Quod
720 753 766 820 qui
778 758 944 822 recusarent,

91 823 215 894 quamvis
226 822 342 878 honesto
352 823 383 877 id
394 823 523 891 iacerent,
539 824 588 893 jus
600 829 693 880 tamen
711 828 847 883 amicitiae
866 829 944 884 dese·
983 825 989 838 '

90 915 153 953 rere
176 901 359 966 arguerentur
375 898 412 952 ab
428 898 462 952 iis
487 900 589 968 quibus
605 901 721 972 obsequi
737 904 858 970 nollent;
882 905 944 959 illos

90 977 191 1042 autem,
204 974 251 1043 qui
264 973 373 1043 quidvis
384 973 420 1028 ab
432 974 518 1030 amioo
525 976 660 1031 auderent
668 979 816 1047 postulare,
824 981 943 1048 postula-

90 1051 165 1105 tione
176 1051 238 1120 ipsa
247 1049 372 1117 profiteri
384 1050 475 1104 omnia
485 1067 516 1105 se
532 1053 613 1108 amici
630 1069 711 1107 causa
729 1070 789 1108 esse
805 1055 943 1110 facturos:

90 1142 184 1180 eorum
202 1127 315 1195 querela
324 1126 491 1181 inveteratas
509 1143 564 1180 non
579 1129 661 1182 modo
679 1129 879 1184 familiaritates
898 1147 943 1185 ox-

90 1201 192 1271 stingui
204 1201 300 1270 solere,
312 1201 362 1256 sed
374 1203 457 1258 etiam
477 1203 541 1257 odia
560 1204 637 1272 gigni
656 1205 829 1273 sempiterna
865 1206 943 1260 Haec

90 1277 130 1332 itu
140 1278 228 1332 multa
237 1277 315 1347 quasi
330 1278 388 1332 iata
399 1278 559 1348 impendere
574 1280 702 1334 amicitiis
719 1284 752 1334 ut
769 1281 858 1334 omnia
880 1281 943 1334 sub

90 1354 230 1422 teriugere
248 1369 301 1408 nou
321 1352 402 1408 modo
414 1353 566 1423 sapientiae
580 1354 631 1409 sed
649 1356 733 1410 etiam
744 1356 883 1411 felicitatis
900 1355 943 1410 di·

90 1434 166 1484 ceret
176 1429 332 1484 sibivider'n

142 1506 196 1560 XI.
214 1511 255 1560 36.
274 1505 457 1570 Quamobrem
468 1506 499 1560 id
510 1507 629 1575 primum
638 1508 787 1578 rideamus,
805 1510 828 1564 si
844 1509 943 1579 placet,

4 1579 10 1594 '
90 1586 226 1650 quatenus
245 1597 323 1636 amor
341 1581 370 1635 in
389 1583 511 1637 amicitia
526 1585 656 1653 progredi
676 1584 784 1640 debeat.
819 1586 901 1654 Num,
918 1585 942 1639 si

91 1657 249 1713 Coriolanus
258 1657 355 1712 habuit
367 1658 475 1727 amicos,
487 1659 561 1714 ferre
574 1664 670 1714 contra
678 1661 796 1729 patriam
809 1679 887 1715 orma
902 1661 943 1715 illi

90 1752 152 1790 oum
177 1735 320 1789 Coriolano
344 1733 519 1789 debuerunt?
559 1736 635 1789 Num
662 1736 839 1790 Viscellinum
862 1737 943 1792 amici

89 1826 205 1879 reguum
222 1812 406 1879 appetentem,
424 1827 490 1864 num
509 1810 553 1879 Sp.
574 1810 879 1867 Maelium‘debuerunt
895 1813 941 1883 ju-

91 1888 180 1941 varet
215 1890 256 1943 37.
274 1885 438 1954 'liquidem
451 1886 604 1941 Gracchum
617 1902 675 1940 rem
687 1886 823 1956 publicam
844 1905 944 1943 vexan-

89 1967 147 2018 tem
171 1979 188 2017 a
213 1961 245 2027 Q.
266 1960 410 2016 Tuberone
428 1962 643 2031 aequalibusque
663 1963 758 2017 amicis
781 1964 943 2019 derelictum

90 2038 259 2093 videbamus.
295 2039 338 2092 At
356 2037 385 2092 G.
401 2037 525 2093 Blossius
548 2039 687 2093 Grrmanm
705 2040 804 2109 hospes
823 2040 943 2095 familiae

90 2118 206 2182 vestrae,
227 2113 363 2181 Scaevola,
384 2131 469 2183 quum
481 2115 517 2169 ad
528 2130 575 2169 me
586 2114 633 2184 qui
645 2116 758 2170 aderam
778 2116 892 2170 Laenati
912 2120 943 2185 et

91 2191 202 2260 Rupilio
214 2189 368 2245 consilibus
376 2190 405 2243 in
416 2190 528 2245 consilio
539 2191 717 2260 deprecatum
728 2192 856 2265 venisset,
873 2191 943 2247 hanc

90 2271 122 2322 ut
145 2266 200 2320 sibi
222 2265 392 2333 ignoscerem
415 2282 524 2320 causam
544 2267 686 2335 afferebat,
709 2268 784 2337 quod
806 2269 877 2323 tanti
900 2268 943 2324 ai.

91 2342 244 2399 Gracchum
255 2340 366 2396 iecisset
377 2345 410 2396 ut
421 2342 557 2412 quidquid
569 2344 616 2398 ille
627 2344 711 2398 vellet
721 2344 775 2398 sibi
787 2344 941 2399 faciendum

89 2422 208 2489 putaret
239 2416 313 2475 Tum
333 2434 392 2487 ego,
405 2418 540 2485 Etiamne,
557 2419 701 2490 [inquam]
721 2421 745 2475 si
765 2424 795 2475 te
813 2420 842 2474 iu
862 2420 942 2489 Gapi-

90 2496 186 2551 tolium
204 2495 278 2549 iaces
295 2495 368 2548 ferre
386 2494 490 2549 relicti
525 2496 681 2565 Nunquam,
693 2497 791 2566 inquit,
808 2496 942 2551 voluisset

90 2573 119 2625 id
145 2570 265 2641 quidem.
300 2570 364 2638 Sed,
390 2570 413 2624 si
435 2570 586 2625 voluissem
624 2572 787 2626 Paruissem.
830 2571 942 2626 Videtis

90 2664 173 2716 quam
183 2646 288 2701 nefaria
306 2663 366 2701 vox.
402 2646 439 2701 llt
455 2645 547 2701 hercle
565 2647 607 2701 ita
621 2648 698 2712 iecit,
718 2648 761 2701 vel
778 2648 840 2716 plus
857 2648 941 2701 etiam

90 2739 172 2793 quam
182 2722 267 2786 dixit;
283 2738 338 2775 non
350 2721 423 2776 enim
436 2722 527 2790 paruit
546 2722 594 2775 ille
612 2722 650 2775 Ti.
664 2722 779 2776 Gracchi
791 2722 942 2777 temeritati

90 2798 141 2853 sed
151 2798 279 2866 praefuit,
290 2814 341 2851 nec
360 2814 390 2852 se
409 2799 536 2852 comitem
554 2796 629 2851 illins
646 2797 747 2851 furoris
772 2797 822 2852 sed
843 2798 942 2852 ducem

89 2874 225 2946 praebuit.
261 2874 361 2943 Itaque
373 2874 424 2927 hac
435 2874 562 2941 amentia,
576 2873 737 2942 quaestione
747 2890 818 2927 nora
835 2878 942 2942 perter-

89 2954 206 3019 ritus,in
219 2949 315 3003 Asiam
335 2948 465 3018 profugit,
481 2948 518 3002 ad
536 2949 630 3003 hostes
648 2951 687 3002 se'
698 2950 821 3017 contulit,
840 2965 943 3017 poenas

89 3028 130 3082 rei
142 3026 267 3096 publicae
278 3041 377 3093 graves
383 3023 530 3093 justasque
541 3023 679 3093 persolvit
715 3024 798 3078 Nulla
805 3030 849 3080 est
856 3025 943 3093 igitur

90 3102 230 3161 excusatio
245 3099 351 3168 peccati
363 3100 386 3153 si
403 3099 483 3153 amici
499 3116 582 3153 causa
596 3100 767 3168 peccaveris3
780 3116 843 3154 nam
855 3117 941 3170 quum

90 3176 259 3235 conciliatrix
275 3174 412 3232 amicitiae
429 3175 541 3231 rimatis
557 3174 648 3245 opinio
663 3174 756 3244 fuerit,
770 3175 880 3231 difficile
898 3178 959 3232 ost.
