2250 3450
117 146 147 196 ts
345 139 384 188 M.
402 136 531 186 TULLII
547 134 741 184 CICERONIS

115 222 157 277 tui
169 217 309 275 desiderio
324 216 532 284 oblanguerunt
569 214 631 269 Hac
644 216 737 268 tamen
753 213 869 284 epistola
885 229 967 283 quam

116 300 236 353 Acastus
251 294 347 350 attulit
361 293 454 349 oculos
468 291 590 362 paullum
608 290 784 346 sustulerunt.
821 291 968 359 Pompeius

88 378 91 387 '
115 377 176 429 erat
188 372 319 442 apud‘me
331 387 416 439 quum
427 370 495 424 haec
512 367 673 437 scribebam,
685 366 771 421 hilare
787 370 817 420 et
831 366 967 422 lubenter.

116 451 151 504 Ei
166 449 287 518 cupienti
304 447 400 502 audire
416 450 511 501 nostra
528 445 587 499 dixi
600 445 700 499 sinete
713 445 803 506 omnia
815 462 878 498 moa
890 448 968 499 muts

116 543 185 580 esse.
221 527 262 579 Tu
276 525 362 578 Musis
374 523 476 577 nostris
487 539 554 591 para
566 525 598 576 ιιι
610 538 708 592 operas
719 521 829 576 reddas.
858 520 891 574 'N
893 526 968 576 ostra

116 603 154 656 ad
165 602 238 656 diem
251 601 353 655 dictam
365 600 440 654 fient.
477 599 564 652 Docui
581 599 653 652 enim
669 600 698 652 te
715 597 784 652 fides
797 601 882 660 ἔτυμον
893 598 968 666 quod

116 678 238 732 haberet.
275 677 330 731 Fac
349 676 431 746 plane
449 678 482 729 ut
503 675 600 728 valeas.
629 675 696 728 -Nos
716 673 853 728 adsumus.
890 673 967 728 Vale.

116 769 172 808 mv.
187 754 249 808 Kal.

361 839 400 887 12.
434 836 465 894 Q.
483 835 522 884 M.
541 835 677 883 FRATRI
694 835 719 885 S.

375 934 439 992 (xvi.
454 933 493 980 16.
527 944 553 980 s.
567 944 628 998 uno.
647 931 713 994 700.)
819 915 827 982 J

117 1025 162 1078 De
181 1024 287 1090 Tirone,
307 1022 346 1081 mi
368 1022 469 1090 Marce,
485 1022 526 1076 ita
546 1025 742 1092 temeumque
760 1023 919 1078 Ciceronem
938 1029 977 1088 et.

117 1095 206 1154 meam
218 1100 361 1172 Tulliolam
372 1102 507 1165 tuumque
519 1098 606 1151 filium
619 1097 733 1165 videam,
745 1102 777 1152 ut
789 1100 856 1152 mihi
870 1101 968 1170 gratis-

118 1177 217 1230 simum
233 1175 330 1243 fecisti,
347 1192 432 1244 quum
447 1191 517 1240 eum,
530 1173 674 1242 indignum
692 1172 740 1227 illa
758 1175 875 1245 fortuna,
890 1177 968 1232 nobis

117 1253 234 1306 amicum
252 1269 334 1320 quam
351 1267 459 1304 servum
474 1267 534 1304 esse
549 1249 679 1304 maluisti.
715 1250 785 1304 Mihi
806 1253 896 1318 crede,
912 1254 968 1307 tuis

118 1333 148 1389 et
167 1327 241 1382 illius
260 1328 349 1382 literis
367 1327 495 1396 perlectis
514 1327 612 1380 exsilui
631 1327 739 1396 gaudio,
755 1328 853 1388 ettibi
871 1333 900 1383 et
917 1345 969 1397 ago

112 1405 221 1473 gratias
242 1408 270 1460 et
289 1405 420 1473 gratulor.
454 1404 484 1457 Si
503 1404 575 1458 enim
594 1402 662 1456 mibi
684 1403 765 1457 Statii
787 1404 906 1460 fidelitas
926 1409 969 1460 est
1040 1433 1046 1440 ·
1111 1485 1112 1494 ἵ

118 1484 213 1534 tmrtse
232 1481 374 1550 voluptati,
392 1481 488 1550 quanti
508 1497 569 1534 csse
587 1480 615 1533 in
633 1480 687 1533 isto
699 1480 766 1534 hsec
784 1481 880 1535 eadem
898 1481 969 1535 bona

119 1555 230 1624 debent,
250 1556 355 1611 additis
379 1557 474 1625 literis,
495 1556 671 1624 sermonibus,
696 1556 875 1625 humanitate,
898 1575 968 1626 quae

120 1636 184 1686 sunt
195 1632 239 1686 his
247 1634 315 1702 ipsis
327 1633 476 1687 commodis
488 1634 613 1703 potiora?
633 1635 704 1687 Amo
715 1637 745 1688 te
757 1634 883 1691 omnibus
893 1634 969 1702 equi-

119 1708 183 1763 dem
201 1710 327 1764 maximis
345 1711 380 1764 de
398 1710 494 1778 causis,
506 1728 602 1765 verum
620 1712 703 1766 etiam
719 1715 834 1781 propter
844 1711 914 1765 hanc
925 1710 968 1766 vel
1046 1732 1048 1737 ’

121 1786 195 1853 quod
205 1785 273 1839 mihi
285 1787 325 1840 sic
336 1789 368 1840 ut
380 1786 501 1841 debuisti
513 1788 654 1842 nuntiasti.
691 1788 830 1842 Toletum
842 1788 870 1841 in
881 1787 969 1841 literis

121 1860 183 1915 vidi.
219 1861 313 1915 Sabini
325 1864 419 1932 pueris
430 1866 460 1917 ct
472 1863 585 1932 promisi
597 1864 693 1932 omnia,
705 1867 734 1918 et
746 1858 849 1919 faciam.

293 1998 331 2045 13.
360 1989 518 2049 TULLIUS
534 1998 662 2047 TIRONI
679 2000 745 2050 SUO
763 2001 788 2051 S.

388 2092 451 2154 (xvr.
466 2095 488 2141 2.
507 2089 549 2143 ἰ.
562 2104 588 2143 ιι.
602 2106 623 2142 c.
642 2094 708 2155 704.)

122 2180 185 2234 Non
197 2195 268 2249 queo
280 2178 316 2233 ad
327 2183 358 2234 te
370 2197 420 2234 nec
432 2180 511 2235 lubet
523 2182 643 2237 scribere
655 2199 708 2252 quo
721 2182 811 2237 auimo
824 2183 875 2236 sim
891 2181 970 2237 affec-¹

121 2259 180 2310 tus:
198 2258 307 2310 tantum
323 2256 412 2310 scribo
428 2260 458 2312 ct
479 2257 531 2312 tibi
551 2258 663 2312 etmihi
682 2258 817 2312 maximae
835 2258 970 2329 voluptau'

121 2333 187 2399 fore,
200 2332 223 2386 si
232 2335 261 2386 te
273 2333 382 2386 firmum
394 2349 476 2402 quam
488 2334 607 2402 primum
619 2336 720 2389 videro.
756 2334 849 2389 Tertio
861 2334 909 2389 die
921 2334 970 2387 abs

121 2412 151 2463 te
162 2409 199 2462 ad
211 2409 335 2477 Alyziam
347 2426 554 2465 accesseramus.
592 2411 621 2464 Is
633 2412 707 2466 locus
723 2415 767 2467 est
782 2412 853 2466 citra
870 2411 971 2464 Leuca-

122 2485 185 2539 dem
198 2486 287 2541 stadia
299 2501 360 2540 cxx.
397 2487 524 2542 Leucade
535 2491 584 2541 aut
596 2491 625 2542 te
637 2489 726 2557 ipsum
739 2492 787 2543 aut
798 2491 861 2541 tuas
875 2487 971 2540 literas

122 2579 139 2615 a
168 2562 293 2616 Marione
322 2562 453 2631 putabam
477 2581 521 2618 me
544 2568 728 2633 accepturum.
765 2564 904 2629 Quantum
926 2578 972 2615 mo

123 2637 221 2704 diligis,
240 2641 349 2692 tantum
372 2640 415 2692 fac
437 2643 471 2693 ιιι
489 2640 586 2704 valeas,
605 2639 648 2694 vel
667 2642 800 2708 quantum
818 2656 835 2693 a
853 2655 898 2693 me
918 2638 972 2693 scis

123 2711 207 2779 diligi.
242 2712 328 2765 Nonis
340 2713 471 2769 Novemb.
508 2715 610 2783 Alyzia

135 2830 175 2880 14.
195 2830 369 2881 'TULLIUS
387 2832 431 2879 ET
450 2834 577 2881 CICERO
595 2828 723 2884 TIRONI
744 2836 811 2885 SUO
830 2838 856 2887 S.
876 2836 910 2885 D.
928 2836 973 2883 ET

358 2911 388 2972 Q.
407 2914 527 2961 PATER
543 2915 588 2963 ET
605 2916 736 2965 FILIUS.

395 3010 460 3070 (ιιι.
474 3011 497 3057 3.
530 3023 556 3058 n.
569 3022 594 3059 u.
607 3024 630 3062 c.
649 3012 714 3073 704.)

126 3088 154 3141 N
155 3105 186 3141 os
197 3090 271 3156 apud
284 3090 414 3159 Alyziam,
427 3111 463 3148 ex
475 3112 529 3163 quo
540 3095 599 3149 loco
611 3098 663 3151 tibi
674 3098 769 3153 literas
781 3100 846 3152 ante
858 3096 976 3151 dedera-

127 3179 195 3228 mus,
210 3180 295 3217 unurn
311 3166 385 3220 diem
402 3171 562 3224 commorati
581 3187 682 3240 sumus,
700 3175 775 3241 quod
791 3174 910 3239 Quintus
925 3188 977 3225 nos
