2250 3450
398 150 451 197 nn
468 147 643 209 Quirinum
660 146 842 195 rnnrnnm.
1019 150 1049 204 σγ

195 228 360 297 optimarum
383 228 483 283 artium
507 225 607 281 studiis
630 226 802 295 eruditi-sic
820 242 850 280 se
871 223 1003 282 adhibere
1022 227 1052 283 in

194 307 274 359 tanta
290 307 430 374 potestate
447 306 480 356 ut
497 303 572 356 nulla
588 303 642 356 alia
659 305 782 372 potestas
800 303 837 356 ab
855 302 890 356 iis
910 302 1010 370 quibus
1027 304 1052 360 is

194 381 300 449 praesit
312 381 497 434 desideretur.

247 461 333 514 VIII.
351 467 393 515 23.
413 461 500 529 Cyrus
510 461 557 515 ille
569 477 586 514 a
598 460 780 529 Xenophonte
796 477 850 515 non
867 460 903 515 ad
918 461 1052 517 historiae

195 537 279 590 fidem
290 537 407 605 scriptus
420 537 469 591 sed
480 537 517 590 ad
530 536 647 604 effigiem
652 536 724 605 justi
736 537 852 606 imperii,
859 537 937 606 eujus
947 555 1052 592 summa
1075 595 1078 604 ,

194 613 315 680 gravitas
326 612 417 666 abillo
433 613 593 682 philosopho
613 629 675 666 eum
692 613 823 680 singulari
843 614 973 668 comitate
992 630 1052 668 con-

188 687 430 758 jungitur—quos
443 689 554 756 quidem
567 687 652 742 libros
661 705 715 742 non
727 689 786 742 sine
799 705 879 744 causa
894 694 989 745 noster
1005 691 1052 745 ille

196 764 343 818 Africanus
363 765 398 819 de
417 766 541 819 manibus
560 781 663 833 ponere
683 782 737 818 non
756 766 868 834 solebat,
886 765 990 819 nullum
1009 770 1052 820 est

195 841 268 918 enim
279 841 503 917 prpetermissum
522 841 597 894 iniis
617 841 733 894 officium
750 840 889 909 diligentis
911 845 941 895 et
960 842 1052 896 mode·

195 917 250 970 rati
261 917 490 986 imperii—eaque
499 917 522 972 si
536 919 574 972 sic
585 917 671 971 coluit
682 917 735 971 ills·
741 918 788 984 qui
800 917 925 986 privatus
942 918 1052 972 futurus

129 1031 136 1047 i
195 1009 343 1062 numquam
355 994 415 1060 fuit,
429 1009 546 1061 quonam
558 993 640 1047 modo
653 993 798 1047 retinenda
817 995 880 1046 sunt
898 993 932 1046 iis
953 994 1052 1062 quibus

195 1069 340 1138 imperinm
351 1069 391 1123 ita
403 1069 498 1123 datum
510 1073 554 1124 est
565 1073 597 1123 ut
613 1069 771 1136 redderent,
791 1072 820 1123 et
839 1068 874 1122 ab
893 1069 927 1121 iis
947 1069 1052 1138 legibus

195 1143 291 1197 datum
314 1148 357 1199 est
380 1145 417 1199 ad
440 1162 509 1214 quas
532 1145 727 1200 revertendum
751 1146 816 1199 cstl
858 1150 899 1198 24.
919 1147 961 1199 Ac
985 1145 1052 1198 mibi

196 1219 307 1287 quidem
316 1221 445 1275 ridentur
457 1222 510 1276 huc
519 1221 609 1274 omnia
621 1237 680 1274 esse
692 1219 836 1274 referenda
852 1220 886 1272 iis
906 1220 955 1288 qui
973 1237 1052 1289 prae-

196 1298 260 1351 sunt
271 1296 339 1363 aliis,
357 1301 390 1351 ut
406 1297 426 1350 ii
446 1297 493 1365 qui
514 1300 596 1350 erunt
615 1296 747 1350 incorum
765 1295 880 1363 imperio
900 1296 955 1349 sint
970 1313 1052 1364 quam

196 1370 364 1427 beatissimi:
389 1372 464 1442 quod
499 1371 551 1425 tibi
563 1376 592 1426 et
618 1388 677 1425 osse
706 1372 932 1440 antiquissimum,
960 1376 989 1426 et
1017 1373 1052 1426 ab

196 1446 274 1500 initio
286 1447 370 1501 inisse
381 1452 413 1500 ut
425 1447 543 1515 primurn
557 1447 653 1500 Asiam
674 1447 798 1514 attigisti,
815 1450 958 1502 constante
979 1448 1052 1502 fama

197 1524 282 1590 atque
304 1523 425 1576 omnium
453 1539 578 1576 sermone
603 1522 770 1576 celebratum
795 1526 845 1576 est.
885 1522 936 1577 Est
960 1527 1051 1577 auteur

196 1613 250 1650 non
269 1596 351 1651 modo
370 1597 430 1666 ejus
449 1598 497 1667 qui
520 1598 599 1652 sociis
623 1601 652 1652 et
676 1597 787 1665 civibus,
811 1598 860 1653 sed
885 1599 968 1653 etiam
992 1599 1051 1667 ejus

196 1673 245 1743 qui
256 1675 349 1743 serris,
366 1675 413 1744 qui
432 1674 516 1729 mutis
531 1673 684 1743 pecudibus
703 1674 812 1743 praesit,
834 1691 928 1729 eorum
953 1675 1051 1745 quibus

196 1751 300 1817 praesit
318 1752 468 1806 commodis
487 1752 656 1821 utilitatique
676 1752 785 1806 servire.
821 1758 862 1806 25.
885 1751 971 1821 cujus
993 1753 1051 1821 qui·

197 1826 261 1880 dem
272 1828 380 1896 generis
392 1832 517 1882 constare
527 1828 601 1882 inter
613 1845 706 1881 omues
719 1827 798 1882 video
810 1828 860 1883 abs
872 1832 902 1882 te
918 1844 1051 1882 summam

196 1903 321 1958 adhiberi
337 1905 526 1973 diligentiam:
542 1905 647 1958 nullum
664 1921 710 1959 aes
729 1905 847 1959 alienum
866 1921 966 1958 novum
990 1921 1051 1958 eon-

197 1979 270 2033 trabi
281 1980 454 2036 civitatibus:
466 1985 560 2035 vetere
576 1984 668 2035 autem
686 1997 785 2049 magno
805 1983 834 2034 et
852 1980 929 2049 gravi
951 1981 1052 2035 multas

196 2055 246 2109 abs
257 2060 287 2111 te
299 2074 359 2111 esse
370 2058 500 2112 liberatas
511 2077 517 2113 :
530 2058 613 2111 urbes
624 2058 777 2126 complures
794 2056 901 2110 dirutas
917 2074 948 2111 ao
964 2074 1051 2125 paene

196 2131 328 2199 desertas,
344 2134 485 2202 inquibus
502 2150 584 2187 unam
603 2134 695 2186 Ioniae
712 2133 914 2201 nobilissimam,
936 2133 1051 2187 alteram

198 2207 303 2277 Cariae,
315 2208 427 2262 Samum
439 2212 469 2262 et
481 2210 711 2276 Halicarnassum,
724 2227 774 2277 per
786 2213 815 2264 te
828 2227 887 2264 esse
900 2212 1050 2263 recreatas:

196 2283 286 2336 nullas
310 2300 372 2337 esse
399 2284 427 2337 in
455 2284 562 2352 oppidis
589 2284 744 2351 seditiones,
769 2286 856 2339 nullas
881 2286 1050 2345 discordias:

196 2358 334 2427 provideri
365 2359 415 2412 abs
446 2363 475 2413 te
507 2362 540 2412 ut
572 2360 698 2413 civitates
728 2361 902 2427 optimatium
934 2362 1051 2415 consiliis

197 2433 441 2489 administrentur:
454 2434 562 2488 sublata
574 2434 684 2503 MysIae
694 2435 853 2489 latrocinia:
869 2436 967 2489 caedes
984 2437 1051 2491 rnul-

198 2510 235 2562 tis
255 2509 320 2563 loeis
337 2526 489 2578 repressas:
506 2527 599 2578 paoem
618 2514 677 2564 tota
697 2512 835 2579 provincia
858 2513 1050 2567 constitutam:

198 2601 289 2654 neque
307 2586 394 2639 solum
415 2586 462 2640 illa
479 2586 609 2640 itinerum
630 2590 714 2655 atque
735 2604 869 2656 agrorum,
892 2588 942 2641 sed
965 2590 1051 2643 multo

198 2660 282 2714 etiam
293 2662 372 2730 plura
383 2666 413 2718 et
431 2661 536 2731 majora
552 2662 715 2731 oppidorum
735 2666 764 2717 et
783 2664 906 2717 fanorum
924 2664 999 2718 furta
1023 2669 1052 2719 et

197 2734 340 2791 latrocinia
350 2754 411 2792 esse
430 2738 560 2808 depulsa:
580 2742 714 2793 remotam
726 2757 743 2793 a
754 2741 827 2794 fama
847 2743 876 2795 et
895 2757 911 2794 a
934 2742 1051 2795 fortunis

197 2814 228 2865 et
249 2813 284 2865 ab
301 2814 357 2867 otio
375 2814 551 2885 locupletium
573 2815 648 2868 illam
672 2816 874 2870 acerbissimam
897 2817 1050 2871 ministram

196 2891 354 2955 praetorum
379 2891 510 2945 avaritiae
534 2892 710 2962 calumniam:
741 2896 864 2962 sumptus
890 2899 918 2948 et
946 2894 1051 2948 tributa

197 2964 338 3018 civitatum
351 2965 386 3018 ab
398 2968 521 3021 omnibus
534 2968 582 3037 qui
595 2985 688 3023 eanun
700 2969 840 3023 civitatum
853 2971 921 3024 fines
933 2970 1052 3024 incolant

196 3039 308 3094 tolerari
320 3042 515 3111 aequabiliter:
526 3044 666 3099 facillimos
679 3062 738 3099 esse
751 3046 842 3099 aditus
854 3047 891 3098 ad
902 3049 944 3099 te:
955 3049 1051 3113 patere

196 3131 276 3170 aures
287 3122 349 3172 tuas
361 3120 479 3186 querelis
495 3121 632 3175 omnium:
652 3122 751 3175 nullius
770 3122 888 3189 inopiam
909 3138 941 3173 ao
957 3121 1050 3173 solitu-

196 3190 289 3247 dinem
304 3210 358 3248 non
374 3196 457 3250 modo
472 3196 520 3249 illo
536 3198 661 3266 populari
673 3214 782 3251 accessu
799 3213 830 3250 ac
846 3196 984 3262 tribunali,
1001 3195 1051 3248 sed
