2250 3450
169 388 362 463 EPISTULA
389 385 442 459 lb
471 383 661 485 QUINTUM
687 381 884 458 FRATREM.

270 532 327 601 (Ab
345 533 377 599 Q.
396 533 543 598 Pramum,
564 529 626 584 er.
644 543 664 583 1.
677 528 729 583 *lira
749 527 780 594 1.)

312 825 471 881 MARCUS
491 826 525 892 Q.
544 824 693 879 FRATRI
713 824 741 879 S.

155 940 178 996 Ι.
197 948 218 996 1.
242 943 308 998 Ensr
323 961 376 998 non
389 944 548 998 dubitabam
561 943 628 1013 quin
638 943 707 996 hane
719 941 862 1010 epistolam
873 939 952 994 multi

101 1017 197 1084 nuntii,
208 1018 281 1072 fama
293 1019 412 1088 denique
425 1023 498 1075 esset
509 1021 569 1089 ipsa
575 1036 625 1073 sua
633 1018 774 1073 eeleritate
785 1021 952 1087 superatura,

101 1095 186 1161 tuque
214 1099 278 1148 ante
303 1094 338 1148 ab
362 1096 423 1149 aliis
446 1096 591 1150 auditurus
614 1111 689 1149 esses
711 1110 812 1146 annum
839 1092 952 1146 tertium

100 1168 244 1223 necessisse
261 1169 398 1225 desiderio
410 1175 502 1226 nostro
516 1175 546 1227 et
561 1171 649 1225 labori
666 1174 733 1235 tuo;
749 1173 841 1223 tamen
860 1168 953 1222 existi-

101 1243 172 1296 mari
184 1261 201 1298 a
213 1261 257 1299 me
269 1263 379 1316 quoque
391 1247 443 1301 tibi
454 1248 536 1317 hujus
548 1247 690 1301 molestiae
700 1246 826 1300 nuntium
837 1243 954 1313 perferri

101 1323 237 1389 oportere.
285 1323 357 1377 Nam
386 1323 572 1396 superioribus
600 1322 702 1377 litteris
729 1338 783 1375 non
814 1320 874 1374 unis
903 1319 954 1373 sed

100 1395 231 1465 pluribus,
243 1415 328 1467 quum
335 1399 395 1468 jam
412 1400 447 1454 ab
463 1401 524 1454 aliis
540 1400 687 1469 desperata
702 1414 748 1452 res
764 1399 845 1465 esset,
861 1399 954 1449 tamen

101 1471 153 1525 tibi
166 1489 216 1541 ego
229 1490 305 1543 spem
317 1479 442 1531 maturae
454 1475 620 1531 decessionis
632 1473 788 1541 afferebam,
800 1489 854 1526 non
866 1471 953 1526 solum

101 1551 235 1618 utquam
257 1550 410 1606 diutissime
434 1557 463 1607 te
482 1552 607 1621 jucunda
629 1550 756 1620 opinione
780 1549 953 1616 oblectarem,

102 1623 152 1677 sed
176 1626 259 1679 etiam
290 1627 354 1694 quia
382 1632 461 1683 tanta
488 1628 674 1682 adhibebatur
696 1630 726 1680 et
749 1625 867 1680 anobis
890 1628 954 1678 eta

101 1701 276 1769 praetoribus
299 1704 437 1759 eontentio
455 1707 487 1758 ut
510 1720 569 1758 rem
593 1720 673 1772 posse
697 1702 791 1758 eontiei
811 1718 865 1756 non
886 1700 955 1756 diffi-

102 1775 203 1831 derem.
239 1784 262 1851 2.
280 1778 307 1831 N
308 1796 361 1834 une
373 1780 502 1850 quoniam
514 1780 555 1833 ita
566 1779 667 1834 accidit
675 1783 707 1834 ut
716 1797 806 1847 neque
813 1781 955 1848 praetores

102 1852 158 1906 suis
170 1853 267 1921 opibus
279 1871 369 1924 neque
381 1872 430 1909 nos
442 1859 536 1910 nostro
552 1855 643 1910 studio
659 1855 809 1924 quidquam
823 1855 955 1923 proficere

100 1943 249 1997 possemus,
274 1934 317 1985 est
337 1932 445 1985 omnino
468 1931 578 1985 difficile
598 1948 652 1985 non
677 1930 799 1999 graviter
819 1931 849 1983 id
867 1930 955 1994 ferre;

102 2004 151 2057 sed
163 2007 255 2058 tamen
267 2017 374 2061 nostros
384 2008 488 2061 animos
501 2008 626 2061 maximis
638 2007 666 2061 in
683 2008 766 2061 rebus
782 2010 812 2061 et
827 2006 955 2075 gerendis

102 2083 131 2133 et
143 2081 310 2135 sustinendis
329 2083 494 2139 exercitatos
513 2084 603 2153 frangi
622 2088 651 2138 et
671 2083 811 2137 debilitari
830 2082 956 2137 molestia

102 2172 155 2209 non
167 2160 282 2225 oportet.
319 2158 356 2214 Et
368 2160 494 2230 quoniam
507 2177 540 2215 ea
551 2160 743 2214 molestissime
753 2159 955 2213 ferrehomines

102 2231 206 2287 debent
218 2251 287 2302 quae
299 2236 420 2305 ipsorum
432 2237 511 2306 eulpa
523 2239 664 2290 contracta
680 2238 750 2300 sunt,
762 2238 805 2289 est
823 2234 956 2304 quiddam

103 2309 131 2361 in
143 2308 194 2363 hae
205 2326 236 2364 re
247 2311 315 2364 mihi
326 2312 468 2367 molestius
480 2312 623 2367 ferendum
643 2328 726 2381 quam
745 2310 805 2365 tibi.
840 2311 955 2364 Factum

102 2388 146 2440 est
157 2386 230 2439 enim
241 2403 303 2442 mea
314 2389 401 2457 eulpa,
412 2392 506 2443 eontra
518 2405 600 2457 quam
617 2391 649 2441 tu
664 2403 771 2441 meeum
788 2390 818 2442 et
835 2386 956 2455 proficis-

103 2476 166 2515 cens
186 2465 215 2517 et
233 2479 283 2531 per
302 2463 410 2519 litteras
434 2481 537 2533 egeras,
561 2468 594 2518 ut
613 2464 705 2533 priore
728 2479 799 2516 anno
822 2478 877 2516 non
897 2478 956 2516 suo-

103 2537 256 2594 eederetur.
293 2538 373 2603 Quod
397 2556 455 2609 ego,
480 2541 546 2594 dum
567 2539 650 2595 saluti
680 2539 815 2592 sociorum
838 2538 956 2613 consulo,

104 2614 170 2668 dum
194 2615 380 2684 impudentiae
404 2617 594 2671 nonnullorum
617 2616 819 2685 negotiatorum
846 2616 955 2680 resisto,

105 2690 171 2743 dum
191 2695 314 2745 nostram
332 2692 448 2765 gloriam
466 2695 516 2745 tua
536 2691 642 2745 virtute
665 2690 760 2759 augeri
779 2694 885 2759 expeto,
904 2689 957 2744 feei

103 2782 157 2819 nou
187 2766 333 2834 sapienter,
358 2767 520 2836 praesertim
549 2783 634 2834 quum
663 2766 693 2820 id
716 2766 897 2821 commiserim
925 2769 958 2819 ut

104 2841 150 2895 ille
176 2842 247 2895 alter
270 2858 356 2896 annus
384 2842 467 2897 etiam
493 2842 606 2897 tertium
633 2845 727 2911 posset
749 2842 895 2897 adducere.
933 2848 956 2898 3.

106 2917 186 2982 Quod
213 2916 340 2985 quoniam
367 2920 510 2986 peecatum
538 2934 630 2971 meum
658 2934 718 2972 esse
746 2918 886 2985 confiteor,
914 2921 958 2973 est

106 2993 255 3060 sapientiae
278 2995 362 3060 atque
380 2992 559 3047 humanitatis
575 2996 640 3048 tuae
663 3009 759 3048 curare
779 2997 808 3047 et
826 2994 959 3063 perficere

106 3072 138 3121 ut
149 3068 201 3122 hoe
215 3068 305 3121 minus
322 3069 461 3138 sapienter
478 3085 496 3122 a
515 3085 560 3123 me
583 3070 722 3138 provisum
742 3068 887 3139 diligentia
908 3074 960 3125 tus

105 3144 265 3211 eorrigatur.
301 3144 344 3198 Ac
356 3145 379 3198 si
391 3147 421 3198 te
432 3144 491 3213 ipse
502 3144 690 3199 vehementius
701 3144 738 3199 sd
754 3160 848 3200 omnes
863 3150 959 3215 partes
