2250 3450
124 150 156 199 88
352 146 390 196 Μ.
408 146 537 196 TULLII
559 144 749 195 CICERONIS

123 247 227 300 genera
244 229 300 283 duo
319 245 390 298 quae
408 245 453 282 me
477 244 576 296 magno
600 244 683 296 opere
708 227 861 294 delectant3
890 246 976 286 unum

123 308 258 362 familiare
272 309 302 360 ct
309 305 441 374 jocosum,
454 305 571 358 alterum
589 321 716 358 severum
733 309 761 358 et
775 322 865 373 grave.
902 308 975 361 Utro

124 401 169 438 me
184 384 273 436 minus
288 382 385 436 deceat
400 383 441 435 uti
457 399 513 441 non
523 381 654 449 intelligo.
691 383 809 436 lucerne
821 386 912 436 tecum
924 400 975 452 per

124 460 237 514 literasl
274 459 367 513 Civem
382 458 537 512 mehercule
553 475 606 512 non
623 461 690 527 puto
705 476 764 512 csse
780 460 827 527 qui
845 460 975 527 tempori-

124 535 176 589 bus
199 535 243 590 his
265 536 358 590 ridere
381 536 475 604 possit
513 538 559 589 An
583 535 693 602 gravius
712 534 973 604 aliquidscribaml

124 611 192 679 quid
216 614 261 666 est
284 611 359 681 quod
382 612 469 680 possit
492 611 614 679 graviter
638 627 654 663 a
676 611 807 665 Cicerone
831 610 913 664 scribi
937 611 974 664 ad
1016 610 1032 630 ’⁴

125 688 271 743 Curionem
294 689 346 742 nisi
364 688 400 742 de
417 705 449 742 rc
471 687 602 756 publicai
638 689 734 756 Atque
752 688 780 740 in
801 687 852 742 hoc
872 705 973 755 genere
1069 707 1072 716 ·

124 763 192 818 haec
204 781 266 819 mea
276 781 358 818 causa
370 770 420 831 est,
433 767 464 817 ut
476 781 567 832 neque
580 780 614 818 ea
625 779 695 832 quae
707 780 778 817 nunc
790 765 879 818 sentio
891 765 973 817 velim

124 840 252 895 scribere.
289 840 479 906 Quamobrem,
492 841 620 908 quoniam
637 840 702 893 milri
718 840 823 894 nullum
836 839 973 893 scribendi

123 919 316 983 argumentum
339 917 465 970 relietum
483 919 534 982 cst,
552 920 616 970 utar
633 932 666 969 ca
683 915 803 970 clausula
821 933 875 985 qua
893 916 973 985 solco,

123 994 208 1059 thue
220 992 256 1046 ad
268 993 389 1047 studium
402 1009 524 1047 summae
535 993 625 1046 laudis
637 992 807 1048 cohortabor.
839 993 889 1047 Est
901 993 973 1046 enim

123 1067 176 1120 tibi
191 1069 282 1136 gravis
297 1069 453 1122 adversaria
469 1069 621 1122 constituta
638 1072 668 1123 et
685 1073 788 1137 parata,
806 1069 973 1123 incredibilis

124 1144 261 1211 quaedam
272 1145 447 1213 exspectatio,
460 1161 542 1213 qnam
554 1149 589 1198 tu
597 1161 652 1198 una
660 1161 690 1198 rc
701 1145 829 1199 facillime
840 1145 938 1213 vinces,
950 1146 973 1198 si

124 1219 175 1273 hoc
187 1220 325 1288 statueris,
337 1237 452 1289 quarum
465 1220 577 1273 laudum
588 1220 703 1288 gloriam
715 1220 860 1288 adamaris,
872 1221 973 1290 quibus

124 1292 230 1352 artibus
241 1314 291 1352 eae
303 1297 398 1351 laudes
409 1301 609 1366 comparantur,
618 1299 646 1350 in
658 1297 691 1350 iis
700 1313 760 1351 esse
770 1297 971 1359 elaborandum,

125 1374 159 1426 ln
175 1374 246 1428 hanc
262 1376 426 1428 sententiam
443 1373 592 1428 scriberem
607 1374 693 1443 plura,
704 1374 757 1426 nisi
773 1377 802 1427 te
814 1377 864 1428 tua
876 1378 973 1443 sponte

124 1450 191 1502 satis
203 1450 346 1505 incitatum
359 1467 419 1504 esse
431 1450 612 1504 confiderem:
633 1453 662 1504 et
680 1450 731 1504 hoe
743 1449 878 1519 quidquid
892 1451 973 1518 attigi

123 1541 177 1577 non
192 1526 245 1580 ieci
261 1526 446 1580 inflammandi
460 1526 502 1579 tui
521 1542 604 1580 causa
621 1524 671 1579 sed
688 1525 855 1580 testificandi
872 1527 972 1581 amoris

124 1616 185 1655 men

358 1698 397 1748 38.
432 1696 558 1746 CICERO
576 1695 695 1746 BRUTO
712 1695 736 1745 S.

377 1787 447 1850 (xur.
460 1788 499 1835 14.
534 1800 560 1836 s.
575 1798 600 1835 n.
614 1798 637 1833 c.
651 1786 716 1848 708.)

124 1865 157 1919 L.
168 1865 240 1919 Titio
255 1864 397 1933 Strabone,
409 1866 503 1935 equite
516 1866 647 1931 Romano,
659 1867 687 1920 in
699 1866 796 1936 primis
812 1867 927 1921 honesto
942 1870 972 1922 et

124 1945 220 1995 ornato
233 1941 444 1995 familiarissime
458 1944 529 1997 utor.
566 1942 665 1997 Omnia
681 1943 748 1996 mihi
762 1959 823 1997 cum
840 1959 872 1997 eo
888 1933 971 1997 inter-

123 2016 225 2072 cedunt
234 2016 300 2085 jura
316 2033 437 2071 summae
453 2018 669 2073 necessitudinis.
706 2019 780 2073 Huic
798 2019 827 2072 in
845 2023 894 2073 tua
910 2035 972 2088 pro

123 2092 210 2147 vincia
224 2094 367 2161 pecuniam
378 2093 463 2147 debet
476 2094 504 2149 P.
519 2095 668 2149 Cornelius.
705 2094 745 2148 Ea
756 2111 801 2149 res
813 2094 972 2163 aVolcatio,

123 2169 170 2237 qui
187 2169 289 2223 ltomce
301 2168 349 2237 jus
362 2169 437 2238 dicit,
452 2170 555 2238 rejecta
569 2171 598 2224 in
614 2170 731 2225 Galliam
747 2174 797 2225 est.
833 2170 902 2226 Peto
914 2188 930 2225 a
942 2174 971 2225 te

123 2244 174 2299 hoc
192 2245 351 2315 diligentius
369 2246 492 2316 quamsi
509 2264 571 2300 mea
586 2264 630 2301 rcs
649 2251 798 2316 essetque
816 2250 859 2301 est
875 2247 972 2301 hones-

122 2322 178 2375 tius
199 2322 234 2376 de
253 2323 401 2376 amicorum
419 2323 534 2391 pecunia
556 2322 683 2377 laborare
703 2339 785 2392 quam
806 2323 841 2377 de
865 2340 921 2391 sua,
940 2326 972 2377 ut

121 2400 261 2467 negotium
280 2398 477 2452 conficiendum
496 2415 583 2467 cures,
598 2400 656 2469 ipse
676 2399 813 2467 suscipias,
828 2400 970 2467 transigas,

121 2492 286 2544 operamque
299 2475 356 2541 des,
369 2474 461 2544 quoad
473 2474 525 2528 tibi
536 2492 655 2544 acquum
668 2479 696 2529 et
708 2478 814 2529 rectum
824 2474 971 2543 videbitur,

122 2553 153 2604 ut
172 2568 253 2619 quam
270 2550 488 2604 commodissima
505 2550 661 2605 conditione
681 2550 798 2605 libertus
822 2551 971 2617 Strabonis,

122 2626 169 2695 qui
190 2626 250 2694 ejus
269 2627 310 2679 rei
330 2643 412 2680 causa
430 2626 530 2679 missus
553 2632 605 2693 est,
625 2628 766 2696 negotium
790 2628 915 2681 conficiat
936 2628 972 2681 ad

120 2719 300 2771 nummosque
316 2704 465 2771 perveniat.
502 2703 538 2755 Id
549 2707 579 2757 ct
591 2704 657 2757 milri
670 2704 856 2772 gratissimum
868 2705 930 2771 erit,
942 2707 972 2758 et

9 2797 10 2802 ¹
120 2780 154 2831 tu
167 2778 226 2845 ipse
243 2778 274 2832 Ir.
290 2778 393 2831 Titium
407 2795 551 2846 cognosces
570 2780 690 2833 amicitia
707 2784 755 2834 tua
774 2780 971 2848 dignissimum.

122 2852 202 2917 Quod
219 2858 251 2907 ut
267 2852 320 2907 tibi
337 2870 418 2907 curae
436 2856 479 2921 sit,
497 2859 529 2909 ut
547 2857 637 2909 omnia
655 2856 743 2910 solent
761 2873 821 2911 esso
839 2872 910 2924 quae
926 2872 972 2909 me

120 2928 192 2982 relic
204 2928 264 2995 scis,
276 2932 305 2983 te
317 2929 494 2983 vehementer
505 2932 589 2984 ctiam
602 2935 686 3000 atque
698 2934 782 2986 etiam
794 2948 867 2999 rogo.

344 3039 384 3086 39.
415 3039 542 3088 CICERO
559 3042 745 3090 TREBATIO.

390 3118 448 3172 (vn.
463 3121 486 3171 7.
520 3135 546 3170 s.
559 3134 585 3170 n.
598 3135 620 3170 c.
635 3122 701 3184 700.)

122 3186 182 3254 Ego
193 3190 223 3241 tc
235 3188 426 3243 commendare
438 3206 492 3243 non
505 3191 625 3257 desist03
643 3193 692 3247 sed
704 3192 772 3260 qnid
783 3193 924 3262 proficiam
931 3209 973 3247 ‘ex
