2250 3450
84 155 116 203 64
396 152 572 202 EPISTOLA

85 234 228 304 dignitatis
245 234 362 303 insignia
380 249 461 302 quam
478 231 632 302 potestatis.
675 232 737 287 Toti
759 233 879 302 denique
899 236 936 288 sit

84 310 237 380 provinciae
248 311 386 379 cognitum
398 309 450 364 tibi
459 309 580 363 omnium
589 308 690 378 quibus
698 309 802 379 praesis
811 309 935 378 salutem,

84 387 191 456 liberos,
203 387 311 452 famam,
324 386 447 440 fortunas
459 402 518 439 esse
530 385 690 439 carissimas.
726 385 853 454 Denique
869 387 936 441 haee

84 464 174 532 opinio
187 463 229 528 sit,
246 480 300 516 non
318 463 399 516 modo
416 463 450 516 iis
468 463 515 531 qui
533 461 638 530 aliquid
655 462 811 530 acceperint
832 462 881 516 sed
902 463 937 516 iis

85 540 168 594 etiam
194 539 242 609 qui
268 539 397 593 dederint
422 543 452 593 te
476 539 623 604 inimicum,
655 539 678 591 si
708 539 738 591 id
768 540 935 608 cognoveris,

84 616 214 671 futurum.
249 615 348 684 Neque
364 633 428 670 vero
444 616 589 685 quisquam
606 615 692 682 dabit,
711 631 796 684 quum
814 615 869 669 erit
885 615 936 669 hoc

84 695 266 760 perspectum,
289 692 358 746 nihil
380 708 431 760 per
454 708 500 746 eos
524 692 572 760 qui
597 691 726 746 simulant
749 708 779 746 se
805 691 880 760 apud
907 695 937 745 te

84 766 201 822 multum
213 784 293 836 posse
308 767 358 822 abs
373 771 403 822 te
419 768 507 822 solere
522 768 672 836 impetrari.
709 774 748 821 14.
767 767 794 821 N
796 784 828 821 ec
844 770 936 821 tamen

85 843 152 898 haec
167 844 254 898 oratio
269 860 331 898 mea
346 848 390 898 est
405 844 539 913 ejusmodi
555 846 587 898 ut
603 847 632 898 te
647 844 676 896 in
692 846 755 898 tuos
770 846 818 898 aut
837 843 937 896 durum

86 936 146 973 esse
162 920 276 974 nimium
294 924 342 975 aut
360 921 537 990 suspiciosum
555 920 644 974 velim.
680 921 752 974 Nam
769 920 792 973 si
811 919 873 988 quis
893 923 937 973 ast

85 1011 187 1065 eorum,
203 997 250 1066 qui
263 997 315 1051 tibi
329 997 433 1051 biennii
448 998 536 1066 spatio
550 1014 699 1067 numquam
714 996 742 1049 in
757 996 937 1064 suspicionem

85 1072 218 1127 avarItiae
239 1073 352 1141 venerit,
373 1076 406 1128 ut
426 1091 476 1142 ego
498 1073 624 1128 Caesium
646 1075 675 1126 et
699 1072 884 1140 Chaerippum
907 1075 938 1126 et

86 1147 241 1202 Labeonem
256 1153 285 1203 et
299 1149 380 1203 audio
395 1153 431 1215 et,
446 1149 511 1218 quia
525 1149 646 1217 cognovi,
661 1149 794 1216 existimo,
810 1147 878 1201 nihil
894 1151 937 1203 est

86 1224 161 1292 quod
179 1241 232 1278 non
250 1229 281 1279 et
301 1225 335 1278 iis
356 1228 385 1280 et
406 1225 429 1279 si
451 1226 513 1294 quis
533 1229 577 1279 est
597 1225 666 1278 alius
687 1223 886 1293 ejusdemmodi
908 1228 938 1279 et

85 1300 221 1355 committi
238 1304 268 1354 et
283 1301 359 1355 credi
371 1302 524 1356 rectissime
535 1305 637 1371 putem.
674 1301 729 1355 Sed
742 1301 764 1354 si
777 1301 838 1370 quis
852 1304 895 1354 est
908 1301 937 1353 in

87 1392 141 1444 quo
151 1376 211 1444 jam
228 1377 381 1444 offenderis,
398 1379 505 1449 dequo
522 1368 628 1447 aliquid
646 1377 770 1444 senseris,
788 1376 852 1430 huic
869 1377 937 1431 nihil

86 1451 243 1521 credideris,
269 1454 371 1508 nullam
397 1459 505 1524 partem
534 1453 744 1508 existimationis
772 1456 837 1508 tuae
866 1469 938 1506 com-

86 1542 202 1583 misens.

139 1604 174 1658 V.
195 1611 234 1659 15.
253 1605 435 1674 Inprovincia
446 1620 511 1658 vero
522 1605 589 1674 ipsa,
603 1604 627 1656 si
639 1621 720 1671 quem
735 1621 765 1658 es
780 1610 875 1658 nactus
890 1606 937 1674 qui

87 1676 116 1735 in
130 1683 208 1735 tuam
223 1681 437 1737 familiaritatem
452 1681 562 1752 penitus
579 1680 696 1748 intrarit,
713 1680 760 1750 qui
778 1679 855 1735 uobis
874 1685 937 1736 ante

88 1757 171 1811 fuerit
186 1758 304 1827 ignotus,
319 1758 382 1813 huic
399 1760 531 1827 quantum
548 1756 716 1811 credendum
732 1758 769 1811 sit
785 1757 866 1823 vide;
884 1774 938 1811 non

88 1833 155 1902 qnin
168 1834 273 1902 possint
287 1834 366 1888 multi
382 1851 442 1889 esse
458 1833 637 1903 provinciales
653 1834 705 1888 viri
721 1833 804 1900 boni;
821 1835 871 1890 sed
887 1834 938 1889 hoc

88 1926 198 1978 sperare
217 1910 290 1977 licet,
308 1907 435 1978 judicare
454 1910 637 1979 perimrlosum
661 1914 710 1965 est.
747 1909 843 1964 Multis
867 1911 938 1965 enim

89 1985 291 2040 simulationum
303 1986 448 2040 involucris
459 1987 563 2055 tegitur
572 1989 601 2041 et
611 1986 688 2055 quasi
698 1986 765 2041 velis
775 1986 939 2055 quibusdam

89 2061 249 2116 obtenditur
264 2063 345 2116 unius
362 2062 495 2132 cujusque
511 2066 626 2117 natura:
647 2062 728 2129 frons,
750 2062 827 2130 oculi,
848 2063 940 2117 vultus

89 2154 219 2207 persaepe
236 2138 424 2204 mentiuntur;
442 2139 529 2193 oratio
546 2154 612 2193 vero
634 2138 797 2206 saepissime.
841 2139 940 2203 Quam-

89 2213 184 2268 obrem
201 2215 248 2284 qui
265 2219 352 2284 potes¹
362 2215 484 2285 reperire
501 2232 535 2269 ex
554 2232 586 2269 eo
604 2232 705 2283 genere
725 2215 872 2284 hominum,
893 2214 940 2284 qui

89 2290 220 2360 pecuniae
234 2291 385 2360 cupiditate
402 2291 515 2346 adducti
531 2294 643 2346 careant
659 2290 693 2344 iis
708 2292 792 2345 rebus
807 2292 940 2359 omnibus,

90 2384 107 2420 a
130 2366 229 2436 quibus
252 2383 302 2421 nos
328 2367 426 2421 divulsi
451 2384 511 2422 esso
536 2385 590 2421 non
616 2383 767 2435 possumus,
793 2371 823 2421 te
848 2371 941 2421 autern

90 2442 207 2497 alienum
219 2443 355 2498 hominem
366 2447 459 2498 ament
474 2460 509 2497 ex
524 2444 615 2497 animo
631 2459 663 2497 ac
677 2458 731 2495 non
748 2443 789 2497 sui
805 2443 940 2497 commodi

90 2536 172 2573 causa
192 2519 339 2575 simulentt
383 2519 453 2573 Mihi
474 2519 587 2587 quidem
610 2536 789 2587 permagnum
813 2519 940 2585 ridetur3
1013 2544 1015 2549 ·
1116 2514 1117 2527 ¹

90 2595 252 2664 praesertim
268 2594 292 2649 si
306 2595 392 2650 iidem
408 2594 531 2648 homines
548 2595 685 2663 privatum
703 2611 757 2647 non
774 2595 833 2649 fere
850 2611 943 2664 quem·

92 2688 181 2740 quam,
192 2674 333 2739 praetores
345 2687 453 2739 semper
469 2686 562 2724 omnes
579 2672 678 2723 amant.
713 2669 773 2734 Quo
790 2688 825 2724 ex
841 2687 943 2738 genere

92 2747 116 2801 si
128 2763 209 2815 quem
221 2746 293 2800 forte
303 2747 345 2800 tui
357 2746 480 2813 cognosti
493 2746 680 2812 amantiorem,
693 2744 753 2798 fieri
763 2746 834 2799 enim
844 2746 942 2814 potuit,

92 2839 174 2891 quam
190 2823 329 2892 temporis,
345 2822 417 2877 hunc
432 2839 498 2877 vero
514 2822 551 2875 ad
568 2826 647 2876 tuum
664 2838 807 2875 numerum
825 2821 943 2876 libenter

92 2898 256 2953 adscribito:
273 2899 315 2950 sin
332 2901 424 2951 autem
441 2898 472 2951 id
489 2913 543 2951 non
560 2897 717 2966 perspicies,
734 2897 839 2949 nullum
857 2914 944 2966 genus

93 2974 147 3028 erit
164 2974 193 3027 in
210 2973 396 3027 familiaritate
414 2973 564 3027 cavendum
589 2973 684 3041 magis,
703 2976 849 3041 propterea
870 2974 944 3042 quod

93 3051 123 3104 et
134 3066 228 3103 omnes
239 3049 297 3102 vias
308 3048 437 3118 pecuniae
450 3052 550 3102 norunt
568 3052 597 3103 et
613 3049 702 3101 omnia
717 3048 847 3117 pecuniae
864 3066 946 3103 causa

94 3125 204 3192 faciunt,
226 3128 255 3177 et
271 3124 381 3192 quicum
399 3124 497 3178 victuri
514 3140 568 3177 non
585 3126 655 3192 sunt,
672 3123 732 3192 ejus
749 3124 945 3179 existimationi

94 3198 236 3252 consulere
259 3213 312 3251 non
334 3201 437 3252 ouant.
490 3204 529 3253 le.
557 3200 654 3268 Atque
678 3199 762 3253 etiam
788 3214 805 3252 e
831 3199 947 3256 Graecis
