2250 3450
364 131 622 182 EPISTOLARUM
638 132 741 180 LIBRI
758 132 840 183 DUO.
1000 135 1031 183 99

172 210 300 286 probetis
315 227 350 266 aa
364 226 436 280 quae
450 211 525 280 apud
540 210 692 265 Corfinium
708 213 773 264 sunt
790 211 876 278 gesta.
911 210 1030 266 Consilio

173 291 268 360 pastro
283 291 347 342 utar
362 286 490 354 libenter,
503 290 533 341 et
549 286 600 340 hoc
617 285 749 340 libentius
765 284 841 355 quod
855 301 917 340 mea
933 290 1031 356 sponte

173 350 265 418 lacere
277 359 472 419 constitueram
484 367 517 417 ιιι
530 380 613 433 quam
625 362 794 416 lenissimum
803 377 848 416 me
860 362 1029 431 praeberem,

174 442 205 494 et
222 440 384 508 Pompeium
396 439 491 494 darem
509 455 621 508 operam
637 442 670 492 ut
685 437 897 493 reconciliarem.
932 438 1030 493 'lenta-

174 532 237 570 mus
252 515 304 570 hoc
319 515 438 569 modo
417 533 440 569 si
458 532 602 585 possumus
617 515 738 569 omnium
749 514 904 569 voluntates
916 531 1029 584 recupe-

174 607 237 646 rare
248 595 279 646 et
291 592 421 646 diutmua
429 592 544 647 victoria
552 593 605 665 uti,
614 591 741 660 quoniam
752 591 852 660 reliqui
864 591 1028 646 crudelitate

174 667 268 722 odium
286 668 408 736 effugere
424 685 479 722 non
496 671 648 738 potuerunt
665 683 756 737 neque
767 669 909 724 victoriam
924 669 1027 723 diutius

173 746 278 812 tenere,
296 748 409 814 praeter
426 762 510 799 unum
528 745 558 798 L.
578 745 681 799 Sullam
699 761 781 814 quam
799 744 955 799 imitaturus
972 761 1027 799 non

173 836 242 875 sum.
279 821 357 875 Haec
373 837 444 875 nova
459 821 496 889 sit
516 821 588 876 ratio
605 820 730 876 vincendi
746 824 779 875 ιιι
795 820 983 876 misericordia
997 825 1027 876 et

173 895 341 950 liberalitate
365 914 416 952 nos
444 897 604 951 muniamus.
643 897 677 950 ld
707 897 936 966 quemadmodum
965 898 1026 953 ficri

173 973 261 1040 possit
284 973 413 1027 nonnulla
432 973 500 1026 mibi
518 973 547 1027 in
564 975 686 1026 mentem
704 973 818 1027 veniunt
835 977 865 1028 et
881 974 969 1028 multa
985 991 1027 1027 re-

174 1048 259 1114 periri
275 1052 399 1116 possunt.
435 1049 478 1103 De
490 1049 534 1103 his
545 1047 629 1102 rebus
644 1065 770 1117 rogovos
785 1052 818 1103 ut
833 1050 1025 1118 cogitationem

175 1123 337 1192 suscipiatis.

227 1199 261 1253 N.
281 1199 405 1268 Magium
424 1200 547 1270 Pompeii
564 1201 735 1270 praelectum
755 1199 933 1269 deprehendi.
969 1201 1025 1256 Sci-

174 1273 239 1328 licet
250 1291 312 1328 meo
324 1275 452 1330 instituto
463 1292 529 1330 usus
541 1292 602 1330 sum
615 1279 644 1330 et
660 1291 723 1330 eum
736 1276 830 1330 statim
841 1277 953 1330 missum
965 1278 1024 1334 leci.

174 1349 239 1402 Jam
251 1349 306 1403 duo
317 1349 450 1421 praefecti
461 1351 571 1405 labrum
584 1352 707 1420 Pompeii
719 1352 747 1406 in
758 1368 848 1406 meam
860 1355 1025 1422 potestatem

175 1429 308 1480 venerunt
323 1429 353 1480 et
366 1442 384 1479 a
399 1443 444 1482 me
460 1427 536 1480 missi
552 1430 623 1482 sunt.
660 1427 690 1482 Si
701 1426 794 1482 volent
810 1429 884 1496 grati
899 1446 966 1498 esse,
979 1432 1026 1485 de-

174 1498 283 1555 bebunt
302 1501 463 1590 Pompeium
483 1503 588 1557 hortari
609 1508 641 1558 ut
658 1504 736 1559 malit
756 1503 835 1584 mihi
844 1521 904 1560 esse
924 1507 1026 1562 amicus

174 1591 259 1644 quam
269 1575 304 1631 iis
316 1578 363 1646 qui
376 1578 457 1633 atilli
469 1579 578 1634 etmihi
590 1595 698 1648 semper
709 1557 841 1635 luerunt*
834 1582 1026 1650 inimicissimi,

171 1667 291 1719 quorum
314 1653 438 1709 artificiis
461 1655 589 1710 ellectum
608 1659 653 1710 est
671 1658 703 1710 ut
721 1657 917 1727 respublica
909 1675 938 1712 m
955 1659 1026 1714 bunc

174 1729 279 1782 statum
290 1730 454 1798 perveniret

278 1864 301 1912 9.
337 1863 464 1912 OIOERo
481 1864 558 1913 IMP.
577 1865 602 1914 s.
620 1864 653 1913 D.
673 1865 826 1915 CAESARI
842 1866 920 1918 ΙΜΡ.

337 1945 383 2009 (nn
399 1958 521 2006 arricum,
541 1959 580 1997 ιιι.
601 1948 639 1995 11.
673 1961 698 1997 n.
712 1959 738 1997 n.
751 1960 773 1997 o.
792 1948 859 2013 705.)

174 2040 216 2096 Ut
233 2040 288 2109 legi
305 2043 369 2096 tuas
387 2041 483 2096 literas
501 2058 571 2111 quas
589 2058 605 2096 a
630 2041 733 2095 Furnio
752 2045 846 2097 nostro
867 2060 1024 2115 acceperam

174 2116 274 2185 quibus
288 2133 396 2172 mecum
413 2117 514 2185 agebas
531 2121 564 2172 ut
581 2118 618 2172 ad
629 2117 726 2171 urbem
744 2134 840 2185 essem,
853 2122 882 2172 te
896 2120 965 2174 velle
983 2121 1024 2174 uti

174 2193 286 2246 oonsilio
308 2194 338 2247 et
359 2192 495 2261 dignitate
518 2210 587 2261 mea,
606 2193 696 2246 minus
717 2209 776 2246 sum
800 2193 966 2261 admiratus;
991 2196 1026 2250 de

173 2268 264 2337 gratia
287 2271 317 2323 et
335 2268 371 2323 de
390 2282 442 2339 ope
462 2268 529 2338 quid
549 2268 716 2336 significares
740 2284 847 2321 mecum
864 2269 924 2338 ipse
943 2287 1026 2339 quae-

174 2343 285 2399 rebam:
303 2361 352 2414 spe
368 2346 461 2399 tamen
478 2342 635 2398 deducebar
651 2344 687 2397 ad
705 2360 765 2397 eam
784 2344 976 2411 cogitationem
994 2351 1026 2401 ut

174 2422 204 2474 te
219 2436 269 2489 pro
285 2423 335 2475 tua
350 2419 506 2475 admirabili
517 2437 549 2474 ac
567 2419 697 2488 singulari
713 2420 847 2489 sapientia
863 2419 978 2488 da'otio‚
991 2422 1027 2478 dc

174 2512 250 2566 paee,
269 2495 305 2550 de
324 2496 468 2551 concordia
486 2496 586 2550 civimn
604 2497 649 2565 agi
668 2494 738 2550 velle
758 2495 923 2563 arbitrarer;
946 2501 975 2552 et
990 2499 1027 2553 ad

175 2588 237 2627 eam
249 2573 383 2626 rationem
395 2572 588 2627 existimabam
600 2575 667 2628 satis
680 2577 773 2642 aptam
786 2588 847 2626 esse
859 2576 889 2627 et
900 2576 1027 2629 naturam

175 2650 205 2702 et
216 2655 360 2716 personam
372 2665 469 2705 meam.
507 2650 588 2715 Quod
600 2650 623 2703 si
635 2650 675 2703 ita
687 2655 738 2718 est,
751 2653 781 2705 et
794 2650 818 2705 si
830 2666 885 2718 qua
899 2649 935 2704 da
948 2650 1027 2704 Pom·

175 2724 238 2793 peio
249 2728 345 2779 nostro
357 2726 461 2780 tuendo
474 2730 504 2782 et
516 2726 570 2781 tibi
585 2744 616 2781 ac
629 2726 671 2780 rei
687 2725 812 2797 publicae
827 2725 1027 2780 reconciliando

175 2814 241 2853 cura
251 2801 281 2853 te
293 2800 413 2869 attingit,
426 2802 512 2871 magis
526 2802 655 2858 idoneum
673 2819 756 2872 quam
773 2820 824 2873 ogo
836 2820 896 2857 sum
915 2801 952 2855 ad
966 2818 1026 2855 earn

175 2891 286 2929 causam
301 2877 425 2945 profecto
443 2879 565 2948 reperies
581 2880 736 2947 neminem;
754 2882 802 2950 qui
820 2879 903 2935 atilli
918 2894 1028 2946 semper

175 2953 206 3004 et
226 2953 334 3006 senatui
354 2970 438 3023 quum
457 2956 576 3023 primum
594 2955 673 3026 potui
692 2956 768 3027 pacis
791 2960 887 3011 auctor
909 2953 958 3020 fini,
976 2969 1028 3007 nec

176 3028 293 3097 sumptis
314 3030 399 3083 armis
426 3029 493 3085 belli
516 3032 602 3087 ullam
627 3036 736 3101 partem
761 3032 861 3101 attigi;
892 3029 1028 3099 judicavi-

175 3120 233 3172 que
254 3121 288 3159 eo
310 3104 384 3161 bello
406 3110 437 3162 te
455 3107 552 3162 violari
571 3112 666 3162 eontra
686 3108 764 3177 cujm
782 3108 912 3161 honorem
934 3105 1027 3174 populi

172 3177 294 3236 *Romani
309 3181 443 3239 beneflcio
457 3200 615 3238 concessum
631 3183 734 3238 inimici
753 3186 837 3252 atque
855 3180 941 3244 invidi
956 3180 1027 3233 nite
