2250 3450
85 133 117 180 32
311 129 350 178 M.
368 127 497 184 TULLII
513 127 704 177 CICERONIS

81 211 146 274 mali
162 211 292 266 accidisse
308 209 426 278 Scipioni
441 212 524 278 puto;
546 209 613 263 mihi
627 208 728 263 accidit
743 208 766 264 si
780 210 849 279 quid
865 211 935 267 acci-

83 287 132 342 dit.
169 288 231 342 Suis
242 288 334 339 autem
349 285 526 338 incommodis
538 285 659 352 graviter
671 285 733 352 angi
748 302 802 338 non
817 287 933 342 amicum

82 364 132 418 sed
145 380 177 417 se
189 363 278 432 ipsum
289 363 407 418 amantis
418 365 469 420 est.
492 367 531 416 ll.
551 361 621 415 Cum
635 360 682 413 illo
694 377 759 414 vero
774 362 836 430 quis
851 366 936 432 neget

62 471 66 480 ·
83 442 175 492 actum
186 455 246 492 esse
258 438 413 506 praeclare?
449 437 510 491 Nisi
522 437 603 504 enim,
616 436 691 506 quod
704 436 752 491 ille
764 438 874 492 minime
886 458 935 508 pn-

83 514 169 581 tabat,
187 513 420 568 immortalitatem
433 516 529 582 optare
541 513 631 578 vallet,
645 512 713 582 quid
728 529 783 566 non
795 518 838 567 est
853 515 935 584 adep

83 593 129 644 tus
147 591 222 658 qnod
239 589 341 643 homini
358 589 399 642 fas
416 593 489 643 esset
506 590 621 658 optarel
640 588 688 657 qui
706 605 839 642 summam
857 607 934 658 spem

83 667 189 732 civium,
202 681 284 735 quam
296 665 332 719 de
344 681 376 718 eo
385 663 444 733 jam
456 681 541 734 puero
555 664 717 733 habuerant,
731 665 858 719 continuo
872 665 936 719 ado

83 741 188 796 lescens
210 740 364 795 incredibili
384 741 487 795 virtute
511 741 665 810 superavit;
694 740 740 810 qui
764 741 933 795 consulatum

83 817 165 886 petiit
188 833 334 886 nunquam,
357 817 446 870 factus
469 819 512 870 est
531 817 624 870 consul
648 816 705 882 bis;
731 817 849 886 primum
870 820 935 871 ante

84 897 207 963 tempus;
231 894 332 946 iterum
350 893 402 946 sibi
420 909 469 946 suo
487 895 619 961 tempore,
638 892 679 947 rei
697 893 822 962 publicae
846 910 935 962 paene

85 984 162 1034 scro;
180 969 227 1036 qui
244 968 350 1022 duabus
361 967 475 1022 urbibus
487 968 589 1022 eversis
603 968 794 1023 inimicissimis
807 969 871 1022 huic
887 970 936 1022 im-

86 1045 162 1113 perio
184 1047 241 1096 non'
258 1045 338 1098 modo
358 1045 514 1113 praesentia
533 1061 628 1099 verum
647 1046 730 1098 etiam
748 1046 842 1099 futura
864 1045 937 1099 bella

86 1120 195 1174 delevit.
231 1120 303 1186 Quid
320 1120 408 1174 dicam
425 1119 461 1173 de
476 1120 598 1174 moribus
614 1120 756 1188 facillimis,
774 1119 810 1176 de
832 1121 937 1190 pietate

86 1195 115 1250 in
138 1200 262 1264 matrem,
288 1195 452 1251 liberalitate
476 1197 505 1249 in
531 1213 644 1262 sorores,
668 1196 791 1252 bonitate
814 1198 842 1250 in
866 1214 936 1268 suos,

82 1271 193 1341 justitia
206 1274 235 1326 in
249 1273 359 1326 omnesi
378 1271 451 1326 Nota
467 1276 531 1328 sunt
544 1272 629 1327 vobis.
665 1271 753 1338 Quam
768 1275 860 1327 autem
875 1273 937 1327 civi-

86 1348 139 1402 tati
157 1365 235 1402 carus
251 1349 335 1403 fuerit
352 1364 476 1402 maerore
492 1348 595 1402 funeris
611 1349 761 1404 indicatum
778 1352 828 1403 est.
864 1348 937 1414 Quid

87 1424 173 1492 igitur
189 1424 261 1478 hunc
277 1439 425 1494 paucorum
442 1441 573 1478 annorum
591 1425 708 1479 accessio
721 1425 820 1494 juvare
836 1426 938 1494 potuis·

88 1502 149 1554 setl
184 1499 315 1554 Senectus
331 1501 403 1555 enim
418 1501 541 1570 quamvis
554 1518 609 1555 non
624 1501 661 1554 sit
674 1502 773 1570 grauis,
784 1505 816 1555 ut
828 1501 939 1555 memini

89 1575 221 1630 Catonem
239 1593 309 1630 anno
328 1581 392 1631 ante
411 1593 493 1645 quam
511 1580 635 1631 mortuus
652 1582 696 1632 est
711 1595 818 1633 mecum
834 1582 938 1632 etcum

89 1651 213 1721 Scipibne
226 1651 369 1719 disserere,
384 1655 476 1706 tamen
488 1652 579 1706 aufert
590 1670 650 1707 eam
662 1654 830 1707 viriditatem
843 1653 871 1706 in
885 1670 940 1722 qua

89 1728 245 1783 etiamnunc
268 1733 327 1783 crat
351 1728 447 1798 Scipio.
485 1735 523 1783 12.
550 1730 733 1794 Quamobrem
751 1730 809 1784 vita
828 1729 940 1797 quidem

89 1805 155 1859 talis
167 1804 221 1858 fuit
232 1804 275 1859 vel
287 1805 397 1858 fortuna
408 1805 451 1859 rel
463 1805 550 1874 gloria
561 1809 593 1859 nt
606 1803 673 1858 nihil
689 1806 785 1872 posset
799 1803 940 1857 accedere:

91 1879 225 1934 moriendi
241 1883 332 1933 autom
348 1897 456 1935 sensum
470 1881 596 1935 celeritas
609 1880 730 1934 abstulit
768 1878 828 1945 Quo
842 1880 878 1933 de
893 1896 941 1948 ge-

92 1972 158 2010 nere
170 1956 265 2010 mortis
278 1955 385 2009 difficile
394 1956 469 2011 dictu
482 1961 539 2023 est;
557 1957 625 2026 quid
637 1956 759 2010 homines
771 1955 942 2025 suspicentur

91 2032 200 2086 videtis.
239 2031 298 2085 lloc
318 2047 383 2086 vere
400 2035 493 2087 tamen
513 2034 578 2087 licet
599 2033 698 2101 dicere,
718 2032 749 2086 P.
768 2032 887 2101 Scipioni
908 2050 942 2087 ex

92 2108 186 2163 multis
202 2107 299 2165 diebus
314 2124 381 2175 quos
398 2108 427 2161 in
442 2109 499 2164 vita
516 2108 708 2163 celeberrimos
725 2109 943 2178 laetissimosque

92 2183 194 2238 viderit
207 2182 283 2236 illum
298 2182 371 2236 diem
386 2183 565 2237 clarissimum
579 2184 672 2251 fuisse,
687 2201 771 2253 quum
786 2184 889 2239 Senatu
903 2186 944 2238 di-

92 2259 176 2315 misso
201 2260 311 2313 domum
335 2259 466 2314 reductus
488 2260 525 2314 ad
544 2276 689 2329 vesperum
713 2263 756 2315 cst
780 2277 797 2313 a
819 2260 944 2328 patribus

93 2335 261 2405 conscriptis,
285 2335 384 2404 populo
409 2336 540 2403 Romano,
564 2337 644 2390 sociis
668 2338 697 2390 et
717 2336 830 2401 Latinis,
854 2336 944 2405 pridie

93 2429 177 2481 (pam
191 2412 308 2467 excessit
323 2429 338 2465 e
351 2412 424 2478 vita3
445 2415 477 2466 ut
495 2429 530 2467 ex
547 2415 605 2465 tam
623 2412 679 2466 alto
697 2412 839 2480 dignitatis
856 2412 944 2479 gradu

94 2488 131 2542 ad
149 2504 261 2557 superos
280 2488 406 2542 videatur
423 2487 490 2542 deos
507 2487 696 2557 potiusquam
713 2488 750 2541 ad
766 2488 867 2541 inferos
884 2504 945 2556 pcr-

97 2581 210 2619 venisse.

149 2641 198 2694 IV.
235 2646 275 2695 13.
299 2641 397 2709 Neque
416 2640 488 2694 enim
505 2641 640 2695 assentior
657 2640 691 2693 iis
709 2640 756 2707 qui
773 2640 841 2693 haec
858 2655 946 2707 nuper

96 2716 233 2771 disserere
243 2722 397 2785 coeperunt,
409 2733 471 2770 cum
483 2716 645 2785 corporibus
656 2715 736 2769 simul
748 2716 852 2769 animos
864 2715 947 2768 inter-

95 2794 137 2847 ire
156 2795 239 2859 atque
258 2792 348 2844 onmia
361 2789 451 2845 morte
466 2792 560 2845 deleri.
597 2792 662 2845 Plus
676 2790 750 2859 apud
764 2808 808 2844 mo
823 2791 947 2858 antiquo

96 2885 157 2921 rum
169 2867 316 2920 auctoritas
323 2866 396 2924 valet
408 2867 450 2920 vel
463 2870 618 2920 nostrorum
627 2866 762 2934 majorum
771 2867 819 2934 qui
830 2866 948 2920 mortuis

96 2946 153 2997 tam
173 2940 300 3008 religiosa
313 2939 379 3007 jura
397 2942 561 3008 tribuerunt,
581 2942 656 3010 quod
673 2958 727 2994 non
743 2942 873 2995 fecissent
887 2957 948 3009 pro-

96 3018 177 3082 fecto,
191 3017 213 3069 si
225 3015 292 3068 nihil
303 3015 340 3067 ad
352 3031 398 3067 eos
410 3014 549 3083 pertinere
561 3017 778 3082 arbitrarentur3
795 3016 839 3069 vel
851 3032 947 3069 eorum

98 3094 145 3161 qui
167 3093 195 3145 in
213 3090 263 3143 hac
282 3093 357 3143 terra
374 3090 486 3144 fuerunt
503 3108 685 3160 magnamque
705 3092 855 3161 Graeciam,
876 3107 948 3158 quae

98 3184 169 3221 nunc
180 3165 293 3235 quidem
303 3163 396 3219 deleta
409 3169 453 3219 est
466 3169 531 3219 tunc
545 3166 669 3233 florebat,
681 3166 817 3220 institutis
829 3169 860 3219 et
871 3181 950 3233 prae·
1003 3185 1005 3190 ⁴
1097 3198 1101 3205 ·

1103 217 1115 293 i
