2250 3450
100 137 133 198 ts
330 149 370 199 Μ.
387 149 515 201 minan
532 148 721 200 clounorus

102 247 185 301 quam
195 230 368 301 importaret.
396 231 505 287 Deinde
515 230 587 285 illud
595 229 756 286 etiammihi
768 229 955 300 succurrebat,

101 323 185 377 grave
196 320 258 362 esse
269 324 314 362 mc
325 307 362 362 da
373 306 481 376 judicio
492 306 580 376 patris
591 305 725 375 judicare.
761 305 850 360 Tuum
861 310 957 362 tamen

103 383 226 437 studium
249 386 279 437 et
301 383 443 447 consilium
466 386 578 453 gratum
601 386 799 452 acceptumque
815 386 859 437 est
878 381 954 437 mihi.

104 459 314 513 Excusationem
333 459 521 527 angumtiarnm
539 459 582 515 tui
601 459 733 527 temporis
747 458 858 528 accipio.
893 459 957 512 Scio

103 533 178 588 cnim
189 550 273 604 quam
286 533 374 588 soleas
385 549 447 588 esse
461 538 616 603 occupatus.
652 534 758 589 Emissa
770 537 800 589 te
812 533 956 602 praedium

103 609 281 664 vehementer
291 609 416 677 gaudeo3
433 609 607 678 feliciterque
616 609 667 665 tibi
679 625 739 664 rem
751 609 833 664 istam
846 609 957 664 evenire

103 686 191 756 cupio.
227 685 289 740 Hoc
300 685 360 738 loco
371 701 415 739 me
427 684 480 739 tibi
493 685 628 754 gratulari
643 685 699 740 noli
715 685 816 739 mirari.
851 684 957 740 Eodem

104 762 178 815 enim
189 761 248 815 iere
259 760 317 814 loco
329 764 361 814 tu
372 777 482 830 quoque
494 761 593 816 emisse
605 764 634 816 te
645 760 734 816 iecisti
746 777 791 816 me
802 761 956 816 certiorem.

105 837 209 892 Habes.
244 836 430 905 Deponendae
449 837 501 892 tibi
526 839 591 892 sunt
611 836 790 892 urbanitates.
826 836 956 891 Rusticus

106 912 245 966 Romanus
267 913 356 966 factus
379 929 417 967 es.
453 913 596 978 Quomodo
625 928 678 980 ego
705 912 773 966 mihi
796 929 868 967 nunc
891 917 956 967 ante

105 988 197 1042 oculos
208 992 287 1043 tuum
296 987 528 1056 jucundissimum
539 991 716 1057 conspectum
733 992 871 1058 propono!
908 988 956 1043 Vi-.

104 1064 173 1118 deor
191 1064 263 1118 enim
282 1063 377 1118 ridere
391 1067 527 1119 ementem
545 1067 577 1119 te
595 1064 713 1118 rusticas
726 1080 779 1132 res,
791 1081 853 1120 cum
866 1064 956 1119 villico

104 1139 271 1208 loquentem,
294 1139 323 1193 in
345 1139 442 1194 lacinia
470 1143 624 1195 servantem
653 1157 688 1194 ex
715 1156 810 1194 mensa
837 1141 957 1194 secunda

105 1215 216 1269 semina.
250 1214 308 1272 sed
326 1215 402 1284 quod
420 1215 457 1269 ad
474 1231 534 1270 rem
552 1215 683 1285 pertinet,
695 1232 740 1270 me
758 1219 818 1270 'tum
839 1215 890 1270 tibi
908 1215 959 1270 de.

104 1291 190 1346 fuisse
204 1307 292 1362 aeque
310 1307 342 1345 ac
358 1294 391 1345 tu
406 1290 494 1345 doleo.
528 1291 586 1345 Sed
603 1290 659 1344 noli
675 1290 811 1359 dubitare,
829 1292 867 1345 mi
884 1291 956 1361 Tiro,

105 1367 171 1436 quin
182 1371 213 1422 te
223 1366 415 1422 sublevaturus
426 1367 486 1436 sim,
499 1366 616 1421 simodo
631 1367 742 1421 fortuna
752 1383 815 1433 me;
832 1384 961 1437 praesen.

105 1443 156 1497 tim
171 1459 256 1511 quum
271 1442 355 1497 sciam
369 1458 540 1497 communem
557 1442 637 1497 nobis
653 1446 776 1512 emptum
792 1459 855 1499 esse
872 1443 956 1499 istum

105 1518 228 1574 lirndum
264 1518 307 1572 De
328 1517 467 1573 mandatis
486 1518 560 1587 quod
578 1518 632 1572 tibi
650 1533 732 1573 curae
752 1517 806 1572 fuit
827 1522 871 1574 est
889 1519 957 1574 mibi

104 1598 222 1664 gratum
252 1593 309 1648 Sed
319 1597 384 1662 peto
393 1597 448 1649 ate
457 1597 489 1650 ut
501 1611 584 1664 quam
596 1593 739 1649 celerrime
749 1593 817 1648 mihi
828 1593 956 1650 librarius

105 1671 240 1738 mittatur,
252 1670 371 1724 maxime
382 1670 495 1740 quidem
508 1670 648 1737 Graecus;
665 1669 783 1725 multum
799 1670 867 1725 mihi
884 1671 956 1727 enim

105 1746 223 1816 eripitur
251 1762 350 1815 operae
378 1746 407 1799 iu
439 1747 627 1803 exscribendis
656 1747 880 1817 hypomnematis.
914 1748 969 1805 'l'u

106 1823 188 1877 velim
208 1821 352 1892 inprimis
372 1837 453 1876 cures
468 1826 502 1877 ut
521 1823 622 1892 valeas,
641 1825 674 1878 ut
694 1838 749 1877 una
768 1830 957 1891 συμφιλολογεΐν

105 1897 248 1967 possimus.
284 1898 422 1950 Anterum
434 1897 486 1951 tibi
498 1898 668 1953 commendo.
705 1898 784 1953 Vale.
1005 1900 1013 1905 '

195 2012 218 2065 7.
253 2012 392 2061 CAESAR
407 2012 485 2064 IMP.
504 2013 529 2062 S.
548 2014 581 2063 D.
601 2014 770 2063 CICERONI
787 2015 865 2064 IMP.

279 2090 325 2153 (nn
340 2102 462 2151 sorrecis,
482 2104 520 2141 rx.
539 2095 562 2142 6.
598 2106 624 2143 s.
637 2106 663 2142 o.
676 2105 698 2142 c.
712 2092 778 2156 705.)

106 2180 197 2245 Quum
212 2177 344 2233 Furnium
358 2180 482 2232 nostrum
499 2181 610 2234 tantum
621 2178 759 2247 vidissem,
774 2195 864 2249 neque
881 2180 956 2249 loqui

105 2271 196 2325 nequa
220 2254 317 2309 audire
340 2270 401 2308 meo
427 2254 570 2309 commodo
597 2254 757 2324 potuissem,
780 2272 956 2325 properarem

105 2336 190 2401 atque
202 2347 290 2385 essem
303 2330 332 2383 in
347 2329 446 2385 itinere
461 2330 619 2400 praemissis
629 2329 688 2398 jam
705 2330 866 2399 legionibus,
879 2348 957 2400 prae-

105 2408 191 2463 terire
202 2411 295 2462 tamen
306 2423 361 2461 nou
373 2406 450 2476 potui
461 2406 569 2476 quinat
584 2406 732 2461 scriberem
744 2407 781 2461 ad
793 2410 822 2462 te
834 2410 864 2461 et
878 2407 956 2461 illum

105 2484 245 2539 mitterem
261 2482 420 2551 gratiasque
435 2498 563 2551 agerem;
581 2482 634 2536 etsi
649 2481 700 2536 hoc
714 2487 744 2538 et
758 2483 811 2537 leci
828 2499 910 2552 saepe
926 2486 956 2537 at

105 2561 215 2629 saepius
232 2559 301 2612 mibi
315 2558 438 2613 tacturus
454 2558 567 2624 rideor;
590 2557 631 2612 ita
646 2558 682 2613 de
697 2575 742 2613 me
761 2559 883 2613 mereris.
921 2559 956 2612 In

104 2635 201 2705 primis
217 2650 234 2688 a
250 2637 279 2689 ta
294 2637 368 2704 peto,
386 2634 513 2703 quoniam
529 2634 637 2689 confido
651 2650 696 2688 me
712 2634 840 2690 celeriter
856 2635 893 2689 ad
909 2650 957 2688 ur·

104 2711 170 2765 bem
180 2712 334 2776 venturum,
345 2712 419 2764 utte
430 2708 470 2763 ibi
482 2709 598 2777 videam,
611 2713 644 2765 ut
659 2714 708 2764 tuo
726 2710 845 2779 consilio,
857 2709 956 2779 gratia,

105 2785 248 2853 dignitate,
265 2800 317 2851 ope
335 2786 454 2838 omnium
471 2801 564 2839 rerum
582 2785 624 2839 uti
643 2785 753 2854 possim.
789 2786 837 2840 Ad
851 2802 956 2855 propo-

104 2861 189 2914 situm
200 2862 338 2912 revertar:
352 2858 520 2913 festinationi
529 2876 608 2914 meae
617 2860 803 2929 brevitatique
811 2861 955 2915 literarum

105 2936 236 3002 ignosces.
273 2931 392 3001 Reliqua
403 2950 438 2987 ex
452 2934 554 2988 Furnio
567 2951 720 3003 cognosces.

250 3032 275 3080 8.
308 3031 446 3080 CAESAR
463 3032 566 3081 OPPIO
583 3034 762 3083 CORNELIO
779 3034 804 3083 S.

275 3110 320 3171 (nn
337 3122 459 3169 suricum,
479 3122 517 3158 ιι.
536 3110 560 3161 7.
594 3124 620 3160 s.
633 3123 658 3159 n.
672 3124 694 3159 c.
713 3112 779 3173 705.)
804 3174 807 3181 .

103 3188 220 3243 Gaudeo
241 3187 396 3243 mehercule
415 3205 464 3243 vos
484 3189 637 3258 significare
657 3190 745 3245 literis
768 3208 851 3261 quam
871 3192 954 3247 valde
