2250 3450
86 135 101 182 4
314 132 351 180 M.
370 130 498 182 TULLII
515 130 707 180 CICERONIS

84 231 138 267 non
149 214 247 281 gravis.
283 218 307 266 9.
332 212 483 281 Aptissima
496 212 606 266 omnino
617 213 690 278 suat,
707 209 797 279 Scipio
808 213 838 265 et
850 211 935 277 Laeli,

85 305 161 341 arma
173 288 322 341 senectutis
333 291 407 341 artes
424 288 689 356 exercitationesque
706 287 847 349 virtutum¹
864 303 934 354 quae

85 363 113 415 in
138 362 210 414 omni
234 365 325 416 aetate
348 362 445 424 cultae,
465 379 549 431 quum
572 361 618 415 diu
637 362 808 430 multumque
825 361 933 427 vixeris,

85 435 212 490 mirificos
236 435 354 491 efferunt
377 437 489 504 fructus,
512 454 567 491 non
591 437 678 492 solum
704 437 769 506 qnia
795 453 934 505 nimquam
993 476 996 480 -

85 511 218 566 descnmt
237 528 273 566 ne
296 516 420 566 extremo
439 513 551 580 quidem
571 516 695 581 tempore
713 512 820 579 aetatis,
839 528 934 580 quam·

87 604 169 658 quarn
185 589 215 640 id
226 589 336 658 quidem
353 589 499 643 maximum
517 593 568 657 est,
585 606 679 644 verum
697 590 780 643 etiam
796 588 860 655 quia
874 603 936 640 con-

87 664 200 718 scientia
218 663 289 718 bene
307 669 384 719 actae
402 667 442 719 vit
443 682 475 718 ae
490 665 696 744 multorumque
713 663 785 717 bene
801 663 937 716 tactorum

87 739 251 794 recordatio
256 740 456 809 jucundissima
468 746 518 795 cst.

140 817 190 868 IV.
228 820 267 868 10.
292 818 352 881 Ego
373 812 404 877 Q.
417 811 576 877 Maximum,
592 827 655 866 eum
672 811 719 880 qui
734 811 882 866 Tarentum
894 827 936 865 re-

86 889 167 976 cepit,
188 888 347 943 adolescens
361 889 401 941 ita
422 887 507 941 dilexi
525 904 617 941 senem
631 891 665 941 ut
680 886 833 956 aequalem.
867 887 936 941 Erat

87 965 159 1017 eninr
171 965 199 1017 in
217 964 300 1017 illo
275 980 333 1017 ιιιο
345 964 473 1017 comitate
485 963 596 1017 condita
607 963 736 1030 gravitas,
748 979 798 1016 nec
810 965 935 1016 senectus

87 1055 177 1092 mores
197 1042 366 1104 rnutaverat;
395 1055 560 1107 quamquam
584 1055 647 1092 enm
670 1037 759 1091 colere
782 1039 858 1107 coepi
882 1054 934 1091 non

87 1113 237 1168 admodum
248 1113 380 1202 grandem
392 1117 468 1181 natu,
482 1113 532 1167 sed
544 1112 659 1167 tamen
646 1129 706 1181 Jam
722 1116 814 1167 aetate
825 1129 936 1182 provec-

88 1193 154 1243 tum.
191 1192 273 1244 Anno
285 1189 357 1258 enim
369 1193 433 1259 post
448 1155 540 1244 cbnsul
551 1189 670 1258 primum
686 1189 777 1242 fuerat
790 1205 873 1258 quam
884 1206 935 1257 ego

89 1269 169 1319 natus
188 1283 255 1334 sum,
270 1282 386 1335 cumque
400 1283 433 1320 eo
451 1268 579 1334 quartum
595 1265 704 1319 consule
719 1264 936 1319 adolescentulus

88 1341 166 1395 miles
184 1341 221 1395 ad
235 1343 357 1411 Capuam
376 1342 515 1411 profectus
534 1357 602 1409 sum,
619 1341 770 1410 quintoque
787 1357 857 1394 anno
873 1344 936 1411 post

88 1415 125 1468 ad
142 1417 297 1472 Tarentum.
332 1417 468 1481 Quaestor
488 1417 588 1471 deinde
606 1416 783 1485 quadriennio
801 1419 864 1486 post
881 1418 936 1471 iac·

88 1495 134 1545 tus
152 1508 220 1560 sum,
239 1510 322 1562 quem
338 1493 528 1560 magistratum
541 1493 615 1561 gessi
630 1493 784 1547 consulibus
800 1493 935 1546 Tuditano

89 1572 118 1620 et
137 1567 265 1636 Cethego,
284 1584 368 1635 quum
389 1568 499 1635 quidem
518 1568 564 1622 ille
580 1568 728 1622 admodum
744 1585 827 1622 senex
842 1584 936 1621 suasor

88 1643 156 1710 legis
173 1642 282 1697 Cinciae
296 1642 332 1696 de
346 1643 424 1697 donis
436 1647 466 1696 et
477 1644 635 1697 muneribus
648 1644 709 1698 fnit.
745 1643 800 1696 Hic
817 1646 847 1697 et
864 1643 935 1697 bella

88 1716 203 1786 gerebat
226 1721 258 1772 ut
278 1717 442 1785 adolescens,
463 1736 547 1787 quum
570 1718 652 1785 plane
673 1717 785 1786 grandis
805 1721 886 1784 esset,
905 1721 936 1773 et

90 1793 253 1848 Annibalem
261 1793 421 1862 juveniliter
432 1794 615 1847 exsultantem
627 1793 761 1862 patientia
772 1810 822 1846 sua
832 1793 935 1848 mollie-

88 1868 152 1936 bat3
168 1869 269 1937 dequo
280 1870 420 1938 praeclare
430 1869 572 1923 familiaris
584 1870 677 1922 noster
689 1868 806 1923 Ennius:

185 1960 260 2009 Unus
270 1961 344 2008 homo
355 1960 426 2009 nobis
437 1960 578 2009 cunctando
589 1959 699 2009 restituit
710 1975 770 2018 rem,

185 2023 211 2072 N
213 2041 245 2073 on
256 2025 321 2073 enim
332 2040 443 2073 rumores
454 2024 562 2088 ponebat
574 2030 632 2073 ante
642 2023 756 2072 salutem.

89 2100 93 2105 '
186 2087 253 2152 Ergo
264 2094 368 2153 postque
379 2090 507 2152 magisque
518 2089 564 2137 viri
575 2105 642 2137 nnnc
653 2089 732 2151 gloria
743 2088 826 2139 claret

90 2179 131 2226 11.
155 2172 304 2229 Tarentum
314 2190 381 2227 vero
392 2190 448 2242 qua
458 2174 605 2242 vigilantia,
618 2189 673 2242 quo
688 2173 798 2228 consilio
814 2173 933 2243 recepitr

88 2266 173 2318 quum
184 2249 296 2318 quidem
307 2266 352 2303 me
361 2249 490 2304 audiente
502 2250 653 2318 Salinatori,
665 2250 713 2319 qui
724 2250 823 2303 amisso
834 2249 935 2319 oppido

88 2326 196 2393 fugerat
208 2326 236 2379 in
248 2342 345 2390 arcem,
360 2326 487 2394 glorianti
500 2328 583 2395 atque
595 2326 635 2379 ita
646 2326 756 2391 dicenti,
769 2326 833 2380 Mea
844 2341 935 2395 opera,

89 2400 119 2464 Q.
133 2400 208 2468 Fabi,
223 2402 370 2457 Tarentum
388 2402 524 2471 recepisti,
542 2402 634 2470 Certe,
647 2402 738 2472 inquit
753 2401 855 2469 ridens,
872 2417 935 2455 nam

88 2476 139 2529 nisi
158 2480 191 2530 tu
210 2478 354 2545 amisisses,
375 2494 512 2547 nunquam
531 2478 702 2547 recepissem.
744 2477 802 2532 Nec
822 2492 887 2531 vero
906 2477 935 2529 iu

87 2552 171 2605 armis
192 2554 376 2621 praestantior
397 2570 479 2622 quam
498 2553 526 2607 in
545 2556 618 2622 toga,
641 2554 689 2623 qui
712 2553 805 2608 consul
828 2552 935 2618 iterum,

88 2626 133 2695 Sp.
157 2627 275 2682 Carvilio
297 2629 401 2697 collega
424 2631 589 2698 quiescente,
613 2629 642 2684 C.
667 2630 802 2683 Flaminio
825 2627 935 2682 tribuno

87 2701 176 2770 plebis
194 2703 286 2769 quoad
303 2704 394 2771 potuit
412 2704 516 2759 restitit
533 2720 631 2772 ugrum
650 2703 790 2758 Picentem
807 2706 837 2757 et
854 2702 936 2757 Galli-

88 2794 149 2831 cum
175 2778 279 2833 viritim
305 2783 400 2834 contra
424 2780 542 2834 Senatum
566 2780 767 2834 auctoritatem·
783 2778 936 2845 dividenti;

88 2868 230 2923 angruqne
242 2870 326 2923 quum
338 2858 418 2919 esset,
430 2855 523 2911 dicere
534 2872 618 2909 ausus
629 2858 674 2909 cst
686 2854 797 2923 optimis
809 2853 936 2923 auspiciis

88 2943 121 2980 ea
139 2927 199 2996 geri
218 2944 289 2997 quae
307 2945 358 2997 pro
373 2929 414 2983 rei
430 2929 555 2997 publicae
574 2930 662 2984 salute
678 2933 846 2997 gererentur,
865 2945 936 2998 quac

87 3007 182 3058 contra
194 3003 399 3073 rempublicam
410 3004 551 3059 ferrentur
562 3005 786 3073 contraauspicia
796 3005 870 3059 ferri.
895 3010 935 3058 la

88 3077 178 3132 Multa
186 3078 217 3133 in
227 3096 259 3133 eo
271 3079 330 3133 viro
341 3079 480 3147 praeclara
491 3080 611 3148 cognovi,
625 3079 675 3134 sed
687 3080 753 3133 nihil
764 3084 808 3135 est
819 3079 936 3134 admira·

89 3150 170 3209 bilius
181 3169 264 3225 quam
276 3154 413 3225 quomodo
429 3154 477 3210 ille
493 3158 612 3211 mortem
628 3155 679 3211 lilii
690 3156 756 3211 tulit
765 3155 833 3211 clari
843 3154 895 3209 riri
907 3157 937 3208 et
