2250 3450
359 214 451 266 CATO
467 214 601 265 Maron.
634 215 712 266 CAP.
730 215 811 266 xvl.
977 217 1008 266 19

158 297 231 352 enim
249 313 304 353 non
321 295 402 366 longe
419 313 437 351 a
454 313 508 365 me,
529 296 660 351 admirari
679 296 747 352 satis
764 312 819 352 non
835 311 947 366 possum
962 295 1008 353 vel

157 373 273 427 bominis
288 373 374 442 ipsius
390 373 585 428 continentiam
599 373 643 444 vel
659 376 815 443 temporum
831 373 1008 442 disciplinam.

157 449 239 504 Curio
252 449 289 502 ad
302 449 391 502 focum
406 449 514 503 sedenti
531 465 660 518 magnum
672 449 732 503 auri
748 449 856 518 pondus
872 449 1009 504 Samnites

156 541 240 598 quum
254 525 421 592 attulissent,
439 524 578 594 repudiati
595 528 674 589 suut;
693 541 746 578 uon
763 525 836 579 enim
849 542 947 579 aurum
964 525 1009 578 ha·

156 598 221 654 bere
234 601 404 670 praeclarum
423 600 475 654 sibi
491 601 579 658 videri
592 600 672 669 dixit,
696 601 747 656 sed
760 601 795 654 iis
811 601 859 670 qui
874 601 1009 656 baberent

155 677 407 750 aurumimperare.
442 682 482 731 56.
501 676 651 731 Poteratne
663 681 757 732 tantus
769 677 875 731 animus
886 694 941 731 non
952 678 1008 732 effi-

155 768 218 806 cere
226 752 378 821 jucundam
391 754 579 807 senectuteml
617 753 672 807 Sed
684 754 763 807 venio
774 754 812 807 ad
822 753 962 821 agricolas,
972 770 1009 807 ne

156 845 230 882 ame
244 829 303 898 ipso
322 828 456 882 recedam.
497 829 531 882 In
549 830 623 898 agris
641 833 720 884 erant
738 833 798 883 tum
815 833 963 898 senatores,
978 829 1008 883 id

156 907 199 958 est
211 921 305 972 senes;
324 905 460 974 siquidem
478 907 568 960 aranti
584 906 615 960 L.
628 905 755 970 Quinctio
767 906 928 960 Cincinnato
941 922 1009 959 nun·

155 981 255 1034 tiatum
267 984 310 1035 est
323 997 385 1034 eum
399 980 561 1036 dictatorem
575 999 635 1036 csse
650 983 761 1050 factum,
773 982 853 1051 cujus
865 982 1007 1036 dictatoris

154 1055 233 1124 jussu
249 1058 380 1126 magister
393 1058 518 1127 equitum
532 1058 561 1113 Ο.
574 1058 705 1113 Servilius
718 1059 807 1113 Ahala
819 1059 864 1128 Sp.
876 1059 1007 1112 Maelium

156 1149 270 1200 reguum
288 1139 464 1204 appetentem
486 1138 649 1204 occupatum
667 1134 815 1190 interemit.
850 1138 876 1189 A
895 1135 1007 1189 villain

156 1212 280 1264 senatum
291 1211 498 1265 arcessebantur
513 1214 542 1266 et
552 1211 652 1265 Curius
665 1216 694 1265 et
706 1212 792 1266 ceteri
804 1228 891 1279 senes,
904 1228 939 1265 ex
952 1228 1007 1280 quo

156 1285 203 1354 qui
217 1303 263 1340 eos
275 1288 450 1341 arcessebant
462 1287 584 1340 viatores
596 1286 728 1340 nominati
740 1290 811 1341 sunt.
835 1288 909 1341 Num
921 1287 1007 1355 igitur

156 1361 252 1414 horum
269 1366 394 1416 senectus
405 1361 570 1416 miserabilis
586 1362 639 1414 fuit
651 1361 699 1430 qui
715 1378 745 1414 se
758 1362 817 1429 agri
830 1363 947 1416 cultione
959 1362 1007 1415 ob-

156 1435 310 1491 lectabantl
347 1436 411 1490 Mea
429 1436 542 1504 quidem
561 1437 698 1490 sententia
715 1436 790 1490 haud
808 1438 863 1492 scio
881 1455 915 1490 an
932 1438 1007 1491 nulla

157 1509 263 1565 beatior·
278 1512 365 1580 possit
381 1528 449 1580 esse,
464 1527 553 1580 neque
570 1511 658 1565 solum
670 1511 764 1577 officio,
777 1513 852 1581 quod
866 1512 1006 1567 hominnm

156 1587 250 1655 generi
269 1588 394 1642 universo
414 1587 523 1642 cultura
543 1603 672 1656 agrorum
691 1592 735 1642 est
753 1588 888 1657 salutaris,
907 1588 956 1642 sed
977 1592 1006 1643 et

157 1662 337 1718 delectatione
357 1680 439 1735 quam
461 1663 527 1731 dixi,
548 1666 577 1717 et
598 1663 744 1718 saturitate
763 1665 895 1734 copiaque
913 1681 1006 1718 rerum

156 1741 276 1796 omnium
297 1758 367 1810 quae
391 1741 427 1795 ad
448 1742 551 1795 victum
574 1741 721 1810 homiuum,
741 1742 778 1796 ad
798 1743 902 1796 cultum
922 1742 1005 1796 etiam

156 1817 270 1871 deorum
287 1818 442 1886 pertinent;
471 1821 511 1885 ut,
530 1818 659 1889 quoniam
677 1818 744 1873 haec
766 1818 879 1889 quidam
899 1818 1006 1873 doside-

156 1898 225 1961 rant,
240 1894 268 1947 in
280 1895 398 1961 gratiam
405 1894 465 1963 jam
477 1910 539 1948 cum
552 1894 692 1962 voluptate
705 1896 858 1950 redeamus.
893 1895 1006 1963 Semper

156 1970 229 2023 enim
244 1970 308 2024 boni
324 1969 481 2040 assiduique
493 1970 597 2023 domini
613 1972 718 2027 referta
732 1972 801 2030 cella
810 1971 922 2039 vinaria,
934 1971 1006 2025 olcu-

156 2046 205 2112 ria,
219 2046 301 2101 etiam
309 2047 427 2116 penaria
440 2050 491 2115 est,
504 2046 624 2117 iillaquc
638 2050 699 2102 tota
712 2047 833 2117 locuples
849 2051 904 2101 est:
922 2046 1007 2100 abun·

156 2120 205 2175 dat
216 2139 305 2191 perce,
318 2123 414 2192 haedo,
425 2139 503 2191 agno,
515 2122 624 2191 gallina,
637 2122 716 2199 lacte,
729 2140 816 2191 caseo,
828 2123 917 2181 melle.
940 2123 959 2177 J
961 2139 1006 2176 am

156 2198 265 2252 hortum
277 2199 330 2268 ipsi
341 2199 476 2268 agricolae
486 2198 634 2252 succidiam
643 2200 759 2253 alteram
768 2199 914 2269 appellant.
937 2198 1007 2252 (ion-

155 2274 257 2329 ditiora
273 2274 340 2329 facit
356 2275 425 2329 haec
442 2274 637 2344 supervacanei
655 2275 739 2329 ctiam
755 2275 844 2344 operis
860 2274 1005 2343 aucupium

155 2354 239 2419 atque
258 2352 372 2407 venatio.
409 2354 450 2407 57.
481 2350 554 2415 Quid
576 2350 611 2403 de
632 2354 773 2420 pratorum
794 2350 934 2404 viriditate
956 2354 1005 2404 aut

155 2428 284 2481 arborum
307 2425 448 2480 ordinibus
469 2428 518 2479 aut
536 2426 676 2479 vinearum
696 2426 891 2480 olivetorumve
915 2426 1005 2493 specie

156 2502 261 2555 dicaml
300 2501 382 2555 Brevi
398 2500 553 2569 praecidam
560 2520 568 2577 ς
586 2517 652 2569 agro
663 2500 734 2555 bene
746 2501 818 2554 culto
829 2499 897 2553 nihil
912 2504 1006 2569 potest

157 2593 218 2631 esse
231 2594 282 2630 nec
296 2594 348 2629 usu
361 2576 472 2630 uberius
488 2592 538 2629 nec
553 2576 644 2645 specie
655 2576 786 2644 ornatius,
803 2576 839 2629 ad
853 2592 935 2645 quem
950 2576 1006 2629 fru-

157 2654 258 2707 endum
281 2669 336 2707 nou
359 2652 440 2713 medo
459 2669 512 2706 nen
536 2652 668 2720 retardat,
687 2670 782 2706 verum
801 2653 884 2706 etiam
904 2652 1005 2709 invitat

157 2732 241 2798 atque
253 2729 363 2784 allectat
376 2732 508 2783 senectus.
544 2728 600 2782 Ubi
615 2728 687 2782 enim
700 2733 794 2798 potest
807 2728 854 2783 illa
867 2732 942 2782 aetas
956 2734 1005 2784 aut

157 2806 351 2873 calescerevel
371 2805 538 2874 apricatione
557 2804 656 2859 melius
674 2805 718 2859 vel
736 2805 800 2873 igni,
819 2808 867 2859 aut
886 2805 1004 2860 vicissim

157 2882 260 2937 umbris
278 2884 391 2953 aquisve
408 2882 567 2951 refrigerari
585 2883 737 2937 salubriusl
773 2889 814 2937 58.
843 2882 901 2936 Sibi
919 2882 1005 2950 igitur

157 2957 274 3013 babeant
298 2976 381 3026 arma,
401 2957 454 3013 sibi
473 2975 566 3028 equos,
586 2958 639 3012 sibi
661 2958 762 3026 hastas,
782 2959 834 3013 sibi
853 2958 957 3011 clavam
975 2960 1004 3011 et

156 3034 247 3103 pilam,
267 3034 320 3089 sibi
338 3034 492 3089 natationes
511 3038 596 3103 atque
614 3051 722 3089 cursus:
745 3034 824 3088 nobis
841 3031 951 3086 senibus
969 3048 1005 3084 ex

154 3111 304 3167 lusionibus
325 3111 420 3165 multis
441 3110 689 3179 talos'relinquant
711 3113 741 3163 et
757 3112 894 3172 tesseras;
918 3107 949 3159 id
965 3105 1007 3173 ip-

154 3205 214 3244 sum
231 3194 264 3244 ut
280 3188 396 3257 iubebit,
414 3186 541 3257 quoniam
559 3187 619 3240 sine
635 3185 779 3252 hisbeata
799 3200 859 3237 esse
881 3184 1007 3254 senectus

154 3269 253 3335 potest.
