2250 3450
96 126 159 209 112,
176 140 366 224 memmius
382 139 638 189 commulnem
655 139 756 189 mem
773 139 856 190 nno.

96 223 193 279 Flacco
200 222 346 278 Volumnio
353 220 562 287 dederes3dnas
569 221 705 291 pleniores
712 237 828 291 quarum
835 221 951 280 alteram

95 299 256 355 tabellarius
267 299 297 352 Τ.
309 298 385 352 Vibii
397 298 500 366 attulit,
514 297 630 351 alteram
642 298 679 351 ad
694 314 739 352 me
754 298 831 352 misit
849 298 948 368 Lupus,

29 383 32 387 ’
96 380 139 431 llx
156 377 212 430 tuis
227 375 316 428 literis
334 377 364 428 ct
383 391 418 427 ex
439 374 563 428 Gracccii
585 374 707 428 oratione
727 389 781 426 non
795 374 876 427 modo
895 393 950 430 non

95 452 256 506 restinctum
263 450 364 504 bellum
377 449 522 504 sedetiam
534 448 732 503 inflammatum
745 449 861 504 videtur.
886 452 950 506 Non

96 528 193 584 dubito
209 530 302 581 autem
319 542 370 595 pro
385 528 434 579 tua
448 525 579 594 singulari
599 524 747 595 prudentia
764 526 830 595 quin
847 529 951 597 perspi-

96 603 159 673 cia's,
175 603 199 657 si
214 602 318 671 aliquid
329 602 467 656 firmitatis
477 605 574 655 unctus
587 601 625 656 sit
637 601 781 667 Antonius,
795 603 885 657 omnia
901 607 950 657 tun

96 680 143 733 illa
161 679 302 749 praeclara
319 678 346 731 in
366 676 577 746 rempublicam
591 676 690 731 merita
703 677 739 730 ad
758 678 872 732 nihilum
888 696 949 734 csse

96 759 218 810 ventura„
242 753 366 808 Itaenim
374 753 780 821 Romameratnuntichnm,ita
788 771 949 823 persuasum

96 830 227 896 omnibus,
244 846 309 886 ‘cum
333 830 426 898 paucis
448 828 561 883 inermis
584 830 740 898 periei-titis
763 832 840 883 metu
862 831 949 886 fracto

96 906 186 960 animo
198 906 300 973 fugisse
312 905 470 959 Antonium.
508 904 560 969 Qui
573 905 596 958 si
608 905 647 958 ita
659 921 688 958 se
699 904 784 959 hebet
801 909 840 973 ut,
857 922 949 975 quem·

97 981 245 1035 admodum
265 980 411 1034 audiebam
432 979 468 1033 de
489 980 627 1047 Graeceio,
643 981 750 1049 confligi
766 997 828 1034 cum
844 998 876 1036 eo
891 985 948 1038 sine

96 1058 217 1126 periculo
229 1057 390 1126 nonpossit,
401 1073 453 1108 non
461 1056 507 1109 ille
516 1056 583 1108 mihi
590 1056 692 1124 fugisse
701 1057 832 1110 aMutina
838 1058 949 1113 videtur

98 1134 148 1187 sed
164 1133 253 1187 locum
270 1133 335 1187 belli
352 1132 467 1200 gerendi
485 1135 613 1186 mutasse.
651 1132 751 1202 Itaque
764 1133 888 1188 homines
902 1135 948 1190 clii

97 1209 162 1264 facti
174 1213 252 1276 suni3
268 1209 389 1262 nonnulli
402 1209 484 1262 ctiam
496 1211 649 1278 queruntur
661 1209 735 1277 quod
746 1212 883 1278 porsecuti
894 1228 948 1265 non

98 1286 165 1340 sitis.
213 1286 339 1355 Opprimi
361 1285 490 1355 potuisse,
518 1286 542 1338 si
566 1285 692 1339 celeribus
717 1285 841 1340 adhibila
867 1291 948 1357 esset,

98 1361 262 1416 existimant.
299 1362 416 1415 Omnino
431 1364 476 1416 est
492 1361 543 1415 hoc
554 1362 653 1430 populi,
670 1363 947 1432 maximequemostii,

97 1437 562 1505 ineopotissimumabutilibertate
570 1443 949 1507 perquemenmconsccubus

99 1513 143 1568 sit.
178 1513 234 1568 Sed
245 1518 337 1568 tamen
348 1513 547 1583 providendum
566 1517 659 1568 estne
675 1530 729 1583 qua
743 1513 821 1582 justa
836 1517 948 1583 querele

98 1606 159 1645 esse
169 1591 262 1659 possit.
300 1591 356 1644 Res
367 1607 397 1645 se
409 1590 548 1644 sichnbet⁴
586 1590 615 1643 Is
627 1590 728 1643 bellum
740 1591 888 1646 confecerit
900 1593 947 1661 qui

100 1667 251 1720 Antonium
262 1665 435 1736 oppresserit
473 1665 534 1719 Hoc
548 1682 629 1735 quam
646 1665 701 1718 vim
716 1666 817 1722 hebeat
832 1670 862 1726 te
877 1668 948 1727 exis-

99 1742 280 1800 timaremalo
291 1759 373 1813 quam
381 1758 426 1796 me
437 1743 559 1810 apertius
571 1741 698 1799 scribere.
887 1742 891 1751 “
