2250 3450
398 143 450 192 nn
467 142 640 207 ournron
659 141 841 191 rnnrnrn.
1018 146 1048 193 os

197 226 264 296 ipsis
281 225 427 293 diligenter
444 222 581 278 carendae
599 226 663 277 sunt
684 221 821 292 quaedam
841 221 1049 291 familiaritates,

197 305 307 369 praeter
331 301 470 354 hominum
495 316 701 368 perpaucorum,
732 299 755 351 si
785 298 832 367 qui
862 301 926 352 sunt
954 301 1049 353 vetere

198 377 313 432 Graecia
325 376 408 444 digni
443 375 488 430 Sic
500 393 564 430 vero
576 375 686 430 fallaces
702 378 767 428 sunt
783 375 914 443 permulti
930 378 960 429 et
976 375 1050 429 leves

197 458 227 508 et
238 453 368 507 diuturna
379 453 512 508 servitute
528 453 564 506 ad
579 453 691 506 nimiam
707 452 921 506 assentationem
938 452 1049 506 eruditi.

197 530 272 594 Quos
284 546 335 598 ego
345 529 485 583 universos
497 528 623 583 adhiberi
635 528 796 598 liberaliter,
809 528 942 598 optimum
955 545 1049 599 quem-

197 624 250 677 que
262 606 381 676 hospitio
392 606 567 674 amicitiaque
579 604 708 674 conjungi
721 604 781 660 dico
792 609 936 675 oportere:
950 605 1050 660 nimiae

195 683 395 736 familiaritates
412 698 505 736 corum
522 699 612 751 neque
629 686 686 737 tam
703 681 798 736 fideles
814 685 885 750 sunt,
903 697 958 735 non
976 681 1050 735 enim

195 759 298 813 audent
309 759 449 812 adversari
460 759 561 828 nostris
574 758 766 825 voluntatibus,
779 762 809 814 et
820 757 908 828 [vero]
923 757 1049 812 invident

194 852 249 889 non
260 836 363 890 nostris
375 835 463 889 solum
474 852 569 889 rerum
582 835 666 889 etiarn
679 834 742 889 suis.

249 912 299 966 VI.
319 916 358 970 17.
375 911 394 964 J
395 928 440 965 am
452 912 499 981 qui
511 912 539 964 in
552 911 687 981 ejusmodi
699 911 782 966 rebus
794 911 822 965 in
834 909 933 980 quibus
953 927 1050 965 vercor

195 987 278 1042 etiam
293 1005 328 1042 ne
342 988 436 1042 dmior
450 989 501 1042 sim
518 992 614 1043 cantus
630 1005 690 1043 esse
707 989 788 1042 velim
804 1003 836 1041 ac
852 987 977 1056 diligens,
994 1003 1049 1056 quo

75 1102 79 1106 -
194 1081 240 1118 me
257 1065 347 1128 animo
367 1065 396 1118 in
417 1065 502 1118 servis
523 1082 584 1119 esse
604 1066 719 1120 comesi
740 1080 809 1133 quos
830 1064 942 1132 quidem
964 1079 1048 1132 quum

195 1140 320 1194 omnibus
340 1141 369 1194 in
390 1141 456 1194 locis
479 1145 539 1195 tum
562 1141 708 1210 praecipue
732 1141 761 1193 in
785 1140 930 1208 provinciis
954 1155 1049 1208 regere

194 1215 333 1271 debemus
370 1218 430 1282 Quo
445 1217 481 1271 de
495 1234 597 1285 genere
613 1218 701 1271 multa
716 1216 837 1284 praecipi
852 1218 984 1286 possunt;
1000 1215 1049 1269 sed

194 1292 246 1346 hoc
258 1296 287 1347 et
299 1293 489 1348 brevissimum
503 1296 546 1347 eat
561 1296 590 1346 et
603 1292 732 1346 facillime
746 1292 835 1346 teneri
849 1295 950 1361 potest,
964 1295 997 1344 ut
1009 1291 1050 1344 ita

196 1384 226 1421 se
242 1372 341 1436 gerant
358 1369 386 1421 in
401 1368 465 1421 istis
483 1368 614 1422 Asiaticis
631 1368 776 1422 itineribus
793 1371 825 1422 ut
842 1368 866 1421 si
884 1368 939 1421 iter
957 1366 1050 1435 Appia

195 1444 240 1497 ria
262 1445 374 1509 faceres
400 1461 469 1498 neve
494 1444 628 1498 interesse
655 1444 805 1512 quidquam
831 1446 931 1512 putent
957 1445 1050 1496 utrum

196 1520 292 1573 Trallis
309 1537 343 1573 an
361 1520 484 1573 Formias
501 1520 632 1574 venerint.
670 1522 713 1573 Ac
730 1520 831 1589 siquis
849 1523 892 1573 est
910 1537 946 1572 cx
964 1519 1050 1573 servis

195 1596 414 1664 ogregiefidelis,
426 1595 502 1648 sitin
515 1595 671 1650 domesticis
687 1596 770 1650 rebus
786 1599 815 1650 et
830 1595 962 1665 privatis:
979 1611 1050 1662 quae

195 1688 239 1726 res
251 1671 287 1725 ad
299 1672 415 1727 officinm
428 1671 534 1741 imperii
547 1672 589 1726 tui
601 1675 685 1742 atque
701 1672 738 1727 ad
751 1672 870 1741 aliquam
886 1674 993 1743 partem
1009 1671 1050 1725 rei

194 1748 318 1816 publicae
341 1749 528 1818 pertinebunt,
552 1748 588 1802 de
611 1749 646 1802 iis
669 1748 751 1803 rebus
775 1765 811 1803 ne
834 1747 904 1817 quid
924 1746 1049 1815 attingat

195 1824 283 1878 Multa
295 1825 369 1878 enim
382 1841 453 1894 quae
462 1828 538 1879 recte
550 1824 685 1880 committi
695 1824 782 1879 servis
791 1823 918 1878 fidelibus
926 1827 1048 1893 possunt,

193 1903 287 1955 tamen
304 1901 436 1955 sermonis
453 1904 483 1955 et
500 1900 709 1970 vituperationis
728 1901 855 1967 vitandae
876 1917 958 1955 causa
976 1916 1049 1955 com-

193 1977 330 2032 mittenda
341 1995 395 2031 non
402 1980 478 2037 sunt.
517 1983 556 2033 18.
577 1977 633 2032 Sed
645 1977 737 2031 nescio
753 1993 807 2045 quo
824 1980 904 2045 pacto
921 1976 957 2030 ad
972 1992 1050 2045 prac-

193 2053 312 2121 cipiendi
324 2054 458 2108 rationem
471 2054 582 2123 delapsa
594 2056 638 2108 est
652 2054 740 2108 oratio
755 2071 823 2121 mea,
839 2070 924 2123 quum
938 2053 969 2107 id
982 2052 1051 2106 mihi

193 2122 363 2199 propositum
375 2130 454 2184 initio
466 2147 521 2183 non
532 2130 638 2184 fnisset.
675 2130 749 2194 Quid
760 2129 832 2183 enim
846 2130 872 2183 ei
886 2128 1050 2197 praecipiam

194 2222 278 2274 quem
289 2223 340 2274 ogo
352 2207 382 2259 in
393 2204 444 2259 hoc
455 2206 620 2273 pracsertim
632 2222 733 2274 genere
742 2205 894 2273 intelligam
904 2203 1051 2274 prudentia

193 2296 247 2333 non
272 2297 332 2335 esse
352 2281 509 2334 inferiorem
530 2298 612 2349 qnam
633 2297 686 2350 me,
706 2298 757 2334 usu
779 2296 844 2334 vero
866 2282 950 2334 etiam
972 2296 1050 2347 supe

193 2356 313 2410 rioreml
351 2356 407 2410 Sed
424 2358 517 2409 tamen
535 2355 559 2409 si
577 2356 613 2409 ad
631 2372 665 2410 ea
686 2372 756 2424 quae
776 2356 882 2409 faceres
903 2355 1050 2410 auctoritas

194 2430 338 2485 mederet
358 2449 426 2500 mea,
450 2432 502 2485 tibi
525 2432 587 2500 ipsa
609 2431 657 2485 illa
680 2431 774 2499 putavi
798 2432 857 2485 loro
878 2430 1051 2499 jucrmdiora.

196 2505 287 2569 Quare
299 2506 355 2561 sint
366 2507 434 2561 haec
443 2508 621 2561 timdamenta
630 2506 773 2575 dignitatis
782 2510 846 2561 tuac
857 2510 923 2572 3tua
931 2506 1051 2575 primum

193 2581 342 2650 integritas
366 2587 395 2637 et
417 2583 603 2639 continentia:
628 2583 728 2637 deinde
749 2582 869 2636 omnium
892 2583 940 2650 qni
959 2586 1052 2637 tecum

195 2660 259 2711 sunt
270 2658 376 2727 pudor:
389 2659 511 2714 delectus
523 2659 552 2712 in
564 2659 797 2713 santiliaritatibus
807 2660 836 2713 et
845 2658 1051 2727 provincialium

193 2733 333 2788 hominum
348 2738 378 2790 et
392 2736 559 2791 Graecorum
573 2739 720 2805 percautus
736 2738 765 2790 et
780 2735 915 2803 diligens:
932 2735 1051 2790 familiae

194 2810 286 2877 gravis
304 2814 333 2865 et
349 2816 474 2867 constans
492 2812 643 2881 disciplina
681 2817 720 2866 19.
739 2812 815 2876 Quae
834 2828 919 2881 quum
937 2811 1051 2866 honesta

194 2886 251 2941 sint
273 2888 302 2940 in
324 2888 367 2942 his
388 2889 503 2957 privatis
522 2889 624 2943 nostris
647 2888 870 2959 quotidianisque
892 2886 1051 2955 rationibus,

192 2961 222 3015 in
229 2966 307 3017 tanto
315 2964 437 3034 imperio,
444 2968 502 3019 tam
511 2964 668 3034 depravatis
676 2964 805 3032 moribus,
813 2967 871 3018 tam
882 2963 1051 3031 corruptrice

193 3039 336 3107 provincia,
348 3040 440 3095 divina
453 3041 600 3095 rideantur
611 3057 722 3095 necesse
736 3043 786 3095 est.
823 3041 900 3094 Haec
913 3038 1050 3092 institutio

194 3123 278 3184 atque
290 3116 358 3170 haec
369 3117 512 3186 disciplina
519 3120 613 3186 potest
622 3116 757 3170 sustinere
765 3116 793 3169 in
803 3115 885 3169 rebus
896 3114 1050 3168 statuendis

192 3193 223 3244 et
235 3191 415 3247 decernendis
426 3209 487 3247 eam
499 3192 676 3247 severitatem
688 3208 743 3262 qua
754 3195 786 3245 tu
797 3190 827 3244 in
837 3190 872 3244 iis
885 3188 969 3243 rebus
982 3204 1049 3241 usus
