2250 3450
408 143 576 200 LAELIUS.
610 150 692 204 GAP.
707 149 758 199 IX.
777 149 815 200 X.
1008 153 1038 200 39

183 251 281 294 causae
300 233 432 302 diligendi
448 233 596 302 profectae.
637 239 679 288 31.
697 233 739 287 Ut
753 233 826 287 enim
840 232 956 288 benefici
971 233 1038 288 libe-

184 311 421 380 talesque4sumus
439 327 493 363 non
512 313 544 362 ut
562 309 703 376 exigamus
720 309 947 378 gratiamneque
965 309 1038 364 enim

184 379 346 440 beneficium
358 386 521 452 feneramur,
534 386 585 438 sed
593 388 692 438 natura
703 385 831 452 propensi
843 384 881 438 ad
891 385 1039 440 liberalita-

149 465 152 470 “
184 465 242 515 tem
254 477 361 526 sumus;
374 461 412 514 sic
424 461 571 514 amicitiam
583 477 637 514 non
649 478 697 530 spe
708 461 843 514 mercedis
855 460 976 528 adducti,
988 461 1038 516 sed

185 537 259 605 quod
266 537 353 589 omnis
363 536 423 604 ejus
434 537 540 591 fructus
552 537 581 590 in
592 538 650 605 ipso
662 553 754 590 amore
765 537 845 604 inest,
854 536 1038 606 eipetendam

184 616 319 680 putamus.
349 618 390 667 32.
403 613 471 667 Atii
481 613 528 680 qui
540 612 676 682 pecudum
688 613 744 666 ritu
756 611 793 666 ad
803 613 973 682 voluptatem
981 629 1039 666 om-

184 688 230 742 nia
241 689 364 743 referunt
376 689 457 756 longe
476 689 657 743 dissentiunt:
679 705 729 742 nec
741 689 848 742 mirum.
876 689 954 743 Nihil
965 690 1039 743 enim

184 765 278 829 altum,
296 764 370 818 nihil
382 763 555 833 magnificum
573 780 606 818 ac
622 764 744 817 divinum
763 764 902 834 suspicere
915 768 1038 834 possunt,

185 840 233 910 qui
242 857 305 894 suas
314 845 407 894 omncs
416 841 594 909 cogitationes
600 839 760 907 abjecerrmt
770 841 799 894 iu
810 857 869 894 rem
881 844 938 895 tam
953 840 1039 895 humi-

184 914 362 985 lemltamquo
377 919 570 985 contemptam.
607 915 790 982 Quamobrem
808 916 857 971 hos
871 917 985 986 quidem
1002 917 1038 971 ab

184 991 235 1046 hoc
249 1001 378 1046 'sermone
397 1009 597 1047 removeamus:
615 993 668 1062 ipsi
687 997 779 1048 autem
797 993 982 1062 intelligamus
994 1009 1040 1046 na

184 1071 248 1124 tura
258 1069 333 1137 gigni
347 1085 456 1122 sensum
471 1068 604 1138 diligendi
624 1073 653 1123 et
672 1068 878 1124 benevolentiae
895 1069 1039 1124 caritatem

159 1150 161 1154 ’
183 1145 258 1198 iacta
276 1145 472 1212 significatione
488 1145 652 1213 probitatis;
676 1163 758 1214 quam
776 1145 825 1213 qui
846 1146 1039 1215 appetiverunt

183 1219 322 1290 applicant
334 1221 395 1275 sese
406 1225 435 1276 et
447 1221 559 1289 propius
570 1221 718 1275 admovent
730 1224 763 1274 ut
775 1224 806 1274 et
817 1237 868 1274 usu
880 1220 941 1290 ejus
957 1237 1040 1290 quem

184 1294 300 1364 diligere
312 1299 462 1365 coeperunt
473 1296 600 1349 fruantur
610 1299 639 1350 et
650 1297 781 1362 moribus,
790 1296 900 1366 sintque
914 1313 994 1365 pares
1010 1297 1040 1350 iu

184 1387 278 1425 amore
289 1374 319 1426 et
330 1371 465 1440 aequales,
477 1371 723 1440 propensioresque
740 1372 777 1425 ad
793 1371 864 1425 bene
878 1372 1039 1426 merendum

184 1447 322 1516 quam'ad
338 1447 545 1516 reposcendum.
582 1449 677 1514 Atque
695 1446 762 1500 haec
782 1447 920 1502 intereos
940 1448 973 1501 fit
992 1445 1040 1501 ho-

184 1527 265 1578 nesta
284 1524 406 1578 certatio.
446 1523 491 1576 Sic
509 1525 539 1576 et
557 1522 692 1577 utilitates
708 1539 743 1577 ex
765 1522 886 1578 amicitia
905 1522 1040 1578 maximae

184 1599 334 1668 capientur,
354 1603 383 1654 et
402 1599 455 1654 erit
474 1599 535 1668 ejus
553 1603 632 1654 ortus
651 1603 783 1655 anatum
799 1616 883 1670 quam
899 1600 935 1655 ab
954 1600 1039 1656 imbe-

184 1674 299 1731 cillitate
311 1680 339 1731 et
355 1677 464 1745 gravior
475 1679 504 1732 ct
515 1675 614 1732 verior.
650 1675 722 1731 Nani
738 1675 764 1731 si
780 1676 887 1733 utilitas
905 1677 1040 1732 amicitias

184 1752 392 1821 conglutinaret,
405 1752 501 1807 eadem
512 1757 681 1809 commutata
695 1755 865 1810 dissolveret.
899 1754 957 1809 Sed
975 1754 1040 1823 quia

183 1831 283 1883 nutura
293 1830 394 1883 mutari
406 1845 460 1882 non
472 1832 573 1899 potest,
584 1830 686 1885 idcirco
697 1848 779 1885 verae
790 1830 927 1885 amicitiae
940 1830 1040 1899 sempi-

183 1907 360 1960 ternaesunt.
386 1905 484 1959 Ortum
494 1906 919 1975 quidemamicitiaevidetmnisi
929 1906 1040 1975 quidad

183 1981 333 2043 basaforte
341 1981 432 2037 multis.
467 1982 554 2037 Faus.
574 1984 791 2053 luveropergo,
803 1982 886 2037 Laeli.
922 1982 1040 2036 Prohoc

183 2058 256 2111 enim
269 2058 316 2127 qui
325 2058 413 2113 minor
421 2062 465 2113 est
473 2062 540 2113 natu
549 2058 683 2128 meojure
691 2058 850 2129 respondeo.
880 2063 923 2116 33.
940 2052 1039 2113 Senum

185 2133 273 2188 Recte
285 2138 317 2189 tu
328 2134 447 2203 quidem.
484 2135 666 2199 Quamobrem
675 2134 826 2189 audiamus.

237 2210 271 2263 X.
291 2211 376 2265 Lnun.
393 2209 499 2264 Audito
506 2226 580 2279 ergo,
589 2211 685 2280 optimi
694 2211 874 2280 virioaquae
882 2209 1041 2279 saepissime

184 2283 313 2340 interme
325 2289 355 2340 et
367 2285 519 2355 Scipionem
531 2285 568 2339 de
580 2286 700 2341 amicitia
710 2286 933 2342 disserebantur:
946 2302 1041 2355 quam·

185 2362 320 2430 quamille
328 2360 441 2429 quidem
448 2360 516 2414 nihil
523 2360 659 2415 difficilius
666 2378 727 2417 esse
734 2362 845 2416 dicebat
854 2378 936 2431 quam
948 2362 1039 2416 amici-

185 2436 634 2505 tiamusqneidextremumritae
642 2437 715 2491 diem
723 2453 892 2506 permanere.
916 2432 1040 2493 Namvel

185 2515 218 2565 ut
229 2510 284 2565 non'
294 2513 367 2566 idem
376 2511 519 2581 expediret
526 2512 647 2566 incidere
654 2512 743 2581 saepe,
752 2512 795 2567 vcl
802 2515 835 2566 ut
845 2513 881 2567 de
889 2530 920 2567 re
931 2513 1040 2582 publica

186 2604 240 2641 non
249 2588 323 2643 idom
333 2588 496 2643 sentiretur:
507 2588 609 2643 mutari
618 2586 702 2643 etiam
709 2605 799 2643 mores
807 2588 947 2642 hominum
956 2605 1041 2658 saepe

187 2662 303 2728 dicebat,
317 2662 383 2718 alias
394 2664 517 2718 adversis
528 2664 619 2732 rebus,
637 2664 704 2718 alias
717 2668 810 2719 aetate
825 2665 1040 2733 ingravescente.

187 2740 283 2809 Atque
295 2756 388 2793 earum
400 2756 493 2793 rerum
505 2740 661 2809 exemplum
673 2758 708 2794 ex
720 2741 898 2795 similitudine
913 2740 1039 2810 capiebat

185 2814 306 2869 ineuntis
329 2815 435 2882 aetatis,
455 2816 529 2884 quod
546 2816 646 2871 summi
664 2832 811 2886 puerorum
828 2833 936 2871 amores
957 2816 1040 2885 saepe

186 2908 241 2945 una
252 2908 315 2947 cum
326 2895 470 2961 praetexta
481 2896 547 2961 toga
560 2897 743 2962 ponerentur:
778 2898 819 2948 34.
835 2893 877 2947 sin
894 2894 988 2947 autem
1003 2891 1040 2945 ad

186 2967 400 3023 adolescentiam
427 2968 629 3038 perduxissent,
653 2969 746 3024 dimmi
772 2972 867 3023 tamen
896 2967 1039 3022 interdum

186 3044 360 3099 contentione
369 3044 412 3099 vel
423 3045 534 3099 uxorias
543 3045 714 3114 conditionis,
723 3044 767 3098 vel
779 3042 914 3098 commodi
925 3041 1041 3110 alicujus

186 3122 261 3191 quod
280 3122 354 3177 idem
370 3121 486 3191 adipisci
504 3126 623 3191 uterque
640 3137 695 3175 non
714 3123 815 3189 posset
851 3116 932 3182 Quod
950 3116 973 3168 si
992 3116 1040 3182 qui

186 3196 293 3269 longius
304 3198 332 3253 in
342 3196 462 3254 amicitia
473 3201 597 3269 provecti
608 3199 708 3265 essent,
720 3198 814 3250 tamen
825 3206 907 3260 saepe
922 3189 1039 3243 labefac-
