2250 3450
105 165 119 206 ll
335 161 373 209 M.
391 159 517 210 TULLII
534 158 723 208 CICERONIS

105 241 189 295 etiam
203 240 310 310 privata
324 242 354 295 et
367 239 468 309 quieta.
505 241 651 309 Sophocles
666 240 703 294 ad
718 255 851 294 summam
863 257 952 297 senec-

105 319 195 370 tutem
213 315 370 383 tragoedias
395 315 469 370 feeit:
495 317 570 383 quod
594 319 709 386 propter
727 315 848 370 studium
867 334 951 386 quum

105 407 165 445 rem
184 390 323 459 negligere
340 389 501 444 familiarem
514 392 662 458 videretur,
674 408 691 445 a
702 391 765 444 liliis
779 391 807 444 in
815 391 951 459 judicium

105 469 217 521 vocatus
234 469 277 520 cst
294 468 333 532 ut,
352 465 581 533 quemadmodum
598 470 693 520 nostro
710 483 789 519 inore
804 467 874 520 stralo
894 484 950 521 rcnr

106 541 264 610 gerentibus
276 540 400 609 patribus
411 540 489 594 bonis
501 541 629 596 interdici
646 541 724 606 solet,
736 542 775 595 sic
786 542 862 595 illurn
873 543 951 610 quasi

107 616 286 685 desipientem
307 633 323 669 a
341 632 372 670 re
392 615 517 670 familiari
539 620 711 671 removerent
731 617 846 683 judices.
882 617 951 671 'lum

107 707 190 746 senex
203 691 302 745 dicitur
314 708 374 745 eam
389 691 510 745 fabulam
523 708 605 762 quam
617 693 645 746 in
657 692 781 746 nrarribus
792 692 911 746 habebat
922 698 952 748 ct

106 768 230 837 proxime
246 768 400 836 scripserat,
415 767 550 837 Oedipum
563 768 718 836 Coloneum,
736 770 865 823 recitasse
878 768 953 836 judi·

106 842 183 897 cibus
197 843 397 912 quaesisseque,
413 860 478 898 num
493 843 562 898 illud
578 861 687 901 carmen
703 845 862 914 desipientis
878 844 953 898 rido-

107 921 190 974 retur.
227 919 286 984 Quo
304 919 420 974 recitato
440 921 583 974 sententiis
602 920 727 988 judicum
745 924 789 975 est
812 921 951 975 liberatus.
1063 975 1072 988 ,

107 999 148 1050 23.
170 995 243 1048 llum
258 995 343 1063 igitur
358 994 436 1063 hunc,
452 1012 517 1050 num
535 997 695 1064 Homerum,
710 1013 774 1050 num
792 996 952 1063 Hesiodum,

107 1086 172 1124 num
184 1069 358 1139 Simonidem,
370 1088 435 1124 num
449 1071 641 1135 Stesichorum,
653 1089 718 1125 num
731 1089 799 1140 quos
810 1075 874 1126 ante
886 1071 951 1138 dlxi,

107 1145 265 1214 Isocratem,
278 1147 413 1215 Gorgiam,
426 1164 492 1200 num
508 1147 729 1216 philosophorum
745 1148 888 1216 principes,
901 1147 952 1215 Py-

106 1219 255 1290 thagoram,
273 1222 467 1290 Democritum,
485 1239 549 1276 num
569 1222 717 1291 Platonem,
734 1240 799 1276 num
816 1223 952 1276 Xenocra-

106 1299 171 1365 tem,
188 1312 253 1350 num
271 1302 367 1367 postea
382 1299 527 1364 Zenonem,
544 1298 710 1366 Cleanthem,
726 1302 775 1353 aut
791 1315 854 1352 eum
870 1314 952 1366 quem
994 1365 997 1372 Ι

106 1388 155 1427 ros
170 1372 254 1427 etiam
267 1373 375 1427 vidistis
387 1373 498 1442 Romae,
511 1373 662 1443 Diogenem
677 1374 806 1441 Stoicum,
819 1374 908 1442 coegit
923 1374 951 1427 in

107 1448 163 1502 suis
182 1448 281 1502 studiis
300 1449 488 1505 obmutescere
507 1454 640 1518 senectus,
665 1465 700 1503 an
722 1450 750 1503 in
769 1449 893 1502 omnibus
909 1449 953 1503 bis

106 1524 260 1578 studiorum
279 1524 393 1592 agitatio
411 1526 485 1580 vitae
505 1526 627 1595 aequalis
647 1525 718 1581 fuiti
759 1531 800 1580 24.
831 1528 899 1594 Age,
920 1529 953 1580 ut

106 1599 161 1652 ista
172 1599 263 1653 divina
279 1600 369 1654 studia
381 1601 547 1670 omittamus,
559 1618 670 1672 mesum
684 1601 825 1656 nominare
837 1617 871 1654 er
885 1617 952 1669 agro

107 1674 207 1729 Sabino
229 1674 346 1730 rusticos
367 1674 512 1745 Romanos,
530 1677 633 1732 vicinos
651 1681 681 1734 et
701 1677 848 1732 farniliares
870 1692 952 1742 meos,

107 1749 206 1820 quibas
224 1749 384 1805 absentibus
402 1768 541 1822 nunquam
561 1754 619 1807 fere
637 1752 693 1805 ulla
714 1753 741 1805 in
762 1768 828 1819 agro
848 1751 953 1819 majora

107 1842 191 1895 opera
203 1826 279 1892 liunt,
292 1842 344 1880 non
358 1826 489 1895 serendis,
500 1844 553 1881 non
569 1826 759 1897 percipiendis,
771 1842 823 1879 non
835 1825 952 1879 condan-

107 1901 149 1955 dis
167 1900 308 1955 fruotibus.
345 1900 517 1971 Quamqutm
534 1902 562 1955 in
581 1902 642 1955 aliis
660 1902 750 1954 minus
770 1901 821 1954 hoc
838 1900 952 1967 mirum;

106 1994 186 2032 nemo
198 1977 270 2032 enirn
282 1982 325 2033 est
337 1982 393 2032 tam
406 1996 489 2033 senex
501 1978 549 2047 qui
560 1994 591 2032 se
602 1993 702 2031 annum
716 1992 769 2030 non
781 1980 861 2046 putet
872 1992 952 2045 posse

106 2052 210 2108 virere:
233 2053 282 2107 scd
297 2053 381 2107 iidem
397 2053 425 2107 in
441 2054 475 2107 iis
491 2052 635 2108 elaborant
645 2068 716 2120 quae
731 2052 821 2106 sciunt
835 2051 902 2105 nihil
915 2052 952 2106 ad

107 2144 137 2183 se
148 2128 257 2183 omnino
269 2129 420 2198 pertinere:

253 2228 319 2277 Serit
329 2228 428 2276 arbores
439 2242 502 2291 quae
513 2228 585 2276 alteri
595 2227 677 2276 seculo
689 2228 806 2291 prosient,

106 2328 138 2379 ut
152 2325 192 2379 ait
206 2324 311 2379 Statius
324 2326 419 2378 noster
433 2323 461 2376 in
476 2322 651 2391 Synephebis
687 2328 728 2377 25.
753 2322 780 2376 N
781 2338 813 2377 ee
824 2339 889 2377 vero
902 2323 952 2377 du-

106 2400 178 2455 bitet
190 2400 307 2468 agricola
316 2399 439 2467 quamvis
450 2414 535 2452 senex
547 2398 690 2467 quaerenti
699 2398 742 2451 cui
755 2402 830 2451 serat
842 2414 952 2468 respon-

106 2474 186 2530 dere:
204 2475 264 2529 Diis
275 2474 474 2529 immortalibus
483 2474 530 2543 qui
542 2490 587 2528 me
596 2490 649 2528 non
661 2474 784 2543 accipere
795 2474 875 2527 modo
887 2473 953 2528 haee

106 2568 124 2605 a
134 2550 284 2619 majoribus
295 2551 444 2616 voluerunt,
457 2549 507 2604 sed
519 2550 602 2604 etiam
613 2550 730 2619 posteris
741 2548 866 2617 prodere.

158 2626 244 2681 Vlll.
263 2626 362 2680 Melius
370 2625 502 2680 Caecilius
514 2624 550 2679 de
562 2641 628 2679 sene
638 2624 718 2678 alteri
730 2624 837 2679 saeculo
848 2624 953 2693 prospi-

16 2716 17 2725 ’
105 2703 196 2759 ciente
209 2717 291 2770 quam
302 2701 371 2755 illud
383 2701 471 2756 idem:

204 2806 299 2871 Edepol
310 2811 431 2866 senectus,
446 2807 467 2855 si
478 2806 513 2854 nil
524 2806 659 2869 quidquam
671 2804 739 2854 aliud
749 2804 797 2853 vitt

202 2871 329 2935 Apportes
340 2877 431 2931 tecum,
445 2887 524 2934 quum
534 2870 644 2930 advenis,
656 2886 735 2919 onum
746 2870 772 2918 id
782 2874 823 2919 sat
833 2873 872 2918 est

202 2934 276 2994 Quod
286 2936 329 2984 diu
341 2935 446 2985 vivendo
458 2935 537 2985 multa
549 2951 613 2999 quae
624 2950 674 2983 non
685 2934 740 2983 vult
751 2934 826 2984 videt.

19 3104 20 3107 Ἴ
112 3038 146 3090 us
161 3038 248 3092 multa
263 3039 377 3093 fortasse
392 3054 462 3109 quac
475 3037 548 3104 vult3
566 3041 651 3106 atque
665 3036 694 3090 iri
708 3054 741 3091 ea
754 3037 866 3106 quidem
882 3051 953 3104 quae

18 3114 20 3155 ἒ
107 3126 160 3164 ιιοιι
174 3113 235 3168 vult
249 3131 330 3184 saepe
345 3115 428 3169 etiam
445 3114 629 3169 adolescentia
643 3113 765 3168 incurrit.
803 3111 877 3167 lllnd
888 3127 953 3165 vero

18 3164 21 3231 i
107 3184 181 3242 idern
193 3188 326 3245 Caecilius
337 3190 473 3247 vitiosius:
