2250 3450
363 145 530 196 LAELIUS.
564 146 646 196 OAP.
663 145 770 196 XXIV.
783 145 874 199 XXV.
1011 150 1045 200 55

188 230 233 283 est
242 243 377 283 venenum
389 227 539 292 amicitiam
551 227 602 281 sed
612 225 774 296 obsequium
790 225 878 281 multo
893 226 1043 297 molestius,

189 304 264 373 quod
274 304 394 372 peccatis
404 303 549 370 indulgens
560 301 740 372 praecipitem
753 302 870 356 amicum
882 303 950 357 ierri
963 304 1044 370 sinit;

189 381 308 432 maxima
324 383 417 432 autem
433 379 512 447 culpa
523 379 553 431 in
565 395 598 431 eo
616 377 706 445 quiet
720 378 866 432 veritatem
881 384 1044 448 aspernatur

190 458 220 509 et
230 455 258 508 in
269 455 394 509 fraudem
407 453 537 523 obsequio
552 453 710 523 impellitur.
746 453 828 507 Omni
843 454 930 522 igitur
944 454 996 508 hac
1014 456 1044 510 in

189 547 221 584 re
231 531 357 585 habenda
368 531 480 585 ratioet
500 530 643 597 diligentia
663 534 714 597 est,
733 530 859 599 primum,
878 533 911 584 ιιι
930 531 1044 586 monitio

189 607 348 676 acerbitate,
367 607 466 661 deinde
483 609 516 660 ut
531 605 689 674 objurgatio
707 605 872 660 contumelia
889 610 997 672 careat3
1015 607 1044 661 in

190 683 321 753 obsequio
344 687 445 750 autem,
469 683 597 752 quoniam
621 682 785 736 Terentiano
808 681 893 736 verbo
914 681 1045 736 iubenior

189 760 300 828 utimur,
320 759 435 814 comites
442 759 522 827 adsit,
535 758 684 812 assentatio
695 758 824 812 vitiorum
840 757 965 827 adjutrix
982 775 1045 828 pre

190 836 234 890 cul
252 839 418 903 amoveatur,
432 851 503 904 quae
513 851 569 888 non
580 834 661 888 modo
671 834 758 888 amico
774 834 824 887 sed
835 850 871 887 ne
881 834 969 888 libero
984 834 1044 903 qui-

191 911 254 965 dem
271 912 354 980 digna
373 915 429 968 est:
452 911 534 965 aliter
558 910 631 965 enim
650 927 712 964 cum
734 913 857 978 tyranno,
880 910 962 964 aliter
981 927 1044 965 cum

190 989 277 1042 amico
292 987 400 1042 vivitur.
435 993 476 1042 90.
496 987 582 1056 Cujus
598 990 692 1041 autem
709 1002 789 1039 aures
807 986 918 1040 veritati
935 986 1044 1040 clausae

190 1066 254 1117 saint
265 1067 297 1118 ut
309 1063 345 1118 ab
356 1063 443 1118 amico
455 1079 551 1117 verum
563 1062 660 1116 audire
672 1065 799 1131 nequeat,
812 1061 895 1130 hujus
907 1062 981 1116 salus
998 1062 1045 1117 de-

191 1139 326 1208 speranda
339 1142 388 1194 cat.
421 1138 526 1194 Scitum
539 1142 584 1192 est
595 1138 667 1192 enim
680 1137 749 1191 illud
760 1138 881 1206 Catonis,
894 1142 927 1192 ut
938 1138 1042 1210 multa:

190 1215 286 1269 melius
301 1215 336 1269 de
349 1214 515 1284 quibusdam
527 1212 640 1267 acerbos
651 1212 774 1266 inimicos
786 1214 887 1267 mereri
899 1231 982 1283 quam
994 1231 1042 1268 eos

190 1290 291 1344 amicos
309 1291 357 1359 qni
373 1290 467 1344 dulces
484 1289 648 1353 videantur3
665 1288 726 1341 illos
737 1305 833 1342 rernm
851 1305 932 1357 saepe
945 1289 1045 1362 dicere,

191 1365 241 1419 hos
256 1381 404 1434 nunquam.
440 1367 536 1433 Atque
552 1363 622 1417 illud
635 1363 785 1417 absurdum
802 1365 941 1433 estquod
959 1364 978 1417 ii
996 1365 1045 1434 qui

191 1444 337 1494 monentur
360 1457 420 1494 eam
444 1439 598 1493 molestiam
627 1455 709 1507 quam
733 1438 837 1493 debent
865 1456 963 1510 capere
990 1457 1043 1496 non

191 1517 308 1584 capiunt,
330 1531 391 1569 eam
419 1515 532 1584 capiunt
559 1531 615 1583 qua
642 1514 746 1568 debent
769 1532 872 1570 vacare.
913 1516 1045 1572 Percussa

192 1591 264 1646 enim
277 1608 307 1646 se
322 1607 376 1644 non
392 1593 548 1658 unguntum
564 1590 705 1659 objurgari
718 1591 834 1645 moleste
845 1592 952 1654 ferunt;
970 1592 1045 1661 quod

192 1672 288 1722 contra
300 1665 446 1737 oportebat
459 1666 559 1720 delicto
574 1666 675 1734 dolere,
693 1667 862 1722 correctione
874 1668 1005 1737 gaudere.

243 1745 335 1799 XXV.
370 1750 410 1799 91.
429 1743 470 1797 Ut
483 1744 569 1810 igitur
582 1747 612 1797 et
623 1760 735 1798 monere
748 1747 777 1798 et
789 1746 894 1799 moneri
902 1746 1044 1814 proprium

191 1824 235 1875 est
249 1837 331 1875 verae
343 1819 486 1887 amicitiae,
499 1822 529 1873 et
540 1820 658 1874 alterum
670 1819 757 1874 libere
768 1821 859 1875 facere
870 1837 924 1875 non
940 1837 1044 1890 aspere,

191 1897 309 1951 alterum
321 1898 460 1965 patienter
479 1897 604 1965 accipere
614 1912 669 1949 non
685 1898 926 1965 repugnanteque
944 1897 1046 1952 haben.

191 1972 257 2027 dum
270 1976 314 2027 est
324 1973 426 2026 nullam
437 1972 466 2025 in
476 1972 603 2026 amicitiis
620 1975 727 2041 pestem
744 1988 805 2026 esse
816 1973 949 2041 majorem
962 1990 1045 2042 quam

191 2048 384 2115 adulationem,
394 2047 564 2117 blanditiam,
581 2047 812 2102 assentationem:
828 2048 953 2116 quamvis
971 2049 1044 2102 enim

191 2125 286 2179 multis
307 2124 463 2178 nominibus
487 2127 532 2179 est
560 2124 613 2177 hoc
641 2123 739 2177 vitium
766 2124 917 2177 notandum
945 2124 1045 2179 levium

76 2216 79 2219 ·
192 2200 331 2254 hominum
349 2204 433 2269 atque
453 2199 598 2267 fallacium,
619 2198 656 2252 ad
679 2200 849 2267 voluptatem
873 2200 1045 2269 loquentium

163 2306 166 2311 ·
192 2275 368 2343 omnianihil
384 2274 421 2328 ad
439 2273 595 2328 veritatem.
630 2280 672 2328 92.
690 2275 780 2339 Quum
803 2278 897 2328 autem
921 2274 1043 2330 omnium

191 2369 283 2406 rerum
301 2350 437 2405 simulatio
456 2350 555 2404 vitiosa
575 2353 626 2418 cst,
645 2350 718 2404 tollit
737 2351 810 2404 enim
831 2350 967 2419 judicium
987 2351 1045 2405 veri

192 2424 275 2495 idque
287 2427 434 2493 adulterat,
444 2430 503 2479 tum
514 2425 650 2479 amicitiae
666 2431 801 2494 repugnat
818 2427 936 2481 maxime
948 2448 954 2492 ;
970 2427 1046 2482 delet

193 2503 264 2557 enim
287 2502 433 2556 veritatem
454 2501 512 2554 aine
533 2517 589 2568 qua
609 2517 707 2555 nomen
726 2502 863 2555 amicitiae
882 2502 972 2557 valore
991 2520 1046 2558 non

192 2581 291 2647 potest.
326 2578 352 2631 N
354 2594 397 2631 am
407 2594 491 2647 quum
504 2577 640 2631 amicitiae
652 2577 694 2631 vis
705 2577 779 2631 sitin
792 2594 824 2632 eo
837 2581 868 2631 ut
879 2595 950 2631 unus
967 2580 1045 2649 quasi

192 2654 298 2712 animus
310 2654 359 2707 liat
372 2670 406 2708 ex
415 2653 547 2722 pluribus,
561 2654 609 2722 qui
621 2653 651 2707 id
664 2653 723 2706 fieri
736 2654 847 2722 poterit,
866 2654 975 2709 sinain
991 2673 1046 2710 uno

193 2729 304 2798 quidem
316 2746 425 2799 quoqne
441 2746 512 2783 unus
529 2731 635 2784 animus
651 2730 705 2784 erit
722 2730 853 2799 idemque
869 2747 978 2800 semper
994 2733 1045 2787 sed

191 2805 290 2875 varius,
315 2806 521 2872 commutabilis,
545 2806 710 2875 multiplexl
746 2812 787 2861 93.
806 2807 880 2872 Quid
903 2809 975 2861 enim
998 2825 1046 2877 po

192 2885 248 2935 teet
260 2898 320 2935 esse
336 2886 393 2936 tam
409 2882 537 2951 flexibile,
549 2886 606 2937 tam
620 2883 736 2953 devium,
757 2900 840 2953 quam
858 2885 965 2937 animum
985 2884 1046 2952 ejus

192 2959 240 3027 qui
253 2959 289 3012 ad
306 2958 420 3013 alterius
439 2975 493 3012 non
516 2959 598 3012 modo
622 2976 730 3013 sonsum
752 2976 783 3013 ac
803 2959 973 3013 voluntatem
996 2960 1046 3013 sed

192 3036 275 3089 etiam
287 3036 393 3089 vultum
402 3038 486 3103 atque
498 3038 596 3088 nutum
609 3036 779 3089 convertitur
790 3036 800 3089 i

207 3119 292 3183 Negat
303 3121 369 3183 quis;
384 3133 460 3181 nego:
472 3119 524 3181 ait;
539 3120 596 3169 aio:
614 3125 738 3184 postremo
750 3120 868 3181 imperavi
880 3123 978 3182 egomet
985 3118 1047 3166 mihi

207 3192 299 3243 Omnis
309 3191 445 3243 assentari:
