2250 3450
360 171 451 221 OATO
469 173 603 224 MAJOR.
637 172 715 222 OAP.
733 168 796 219 XV.
975 165 1003 219 1⁷

157 251 333 320 Liviumqui
347 268 431 321 quum
449 267 498 306 sex
514 252 592 306 annis
607 255 673 306 ante
689 266 772 320 quam
785 263 837 318 ego
851 250 1005 304 natussum

156 328 275 382 fabulam
305 326 441 381 docuisset
471 328 594 382 Centone
623 327 815 395 Tuditanoque
844 324 1005 392 oonsulibus,

156 419 244 472 usque
262 402 299 455 ad
316 402 526 457 adolescentiam
538 419 628 456 meam
646 402 780 470 processit
797 404 896 455 aetate.
933 401 1005 466 Quid

157 477 193 531 de
213 478 243 531 P.
256 477 351 531 Licinii
370 478 461 532 Crassi
480 481 511 532 et
527 477 662 548 pontificii
674 480 704 532 et
722 476 808 530 civilis
824 475 896 544 juris
914 476 1006 530 studio

157 553 274 622 loquar?
292 557 340 608 aut
351 555 386 608 de
403 553 486 622 hujus
498 553 528 607 P.
541 553 674 622 Scipionis
686 553 733 620 qui
745 552 788 604 his
804 552 898 620 paucis
910 551 1007 606 diebus

160 629 286 683 Pontifex
305 629 441 683 Maximus
457 629 547 684 iactus
564 630 626 683 esti
662 628 751 695 Atqui
768 643 816 681 eos
833 642 926 681 omnes
938 644 1007 696 quos

158 705 366 760 commemoravi
394 704 437 758 bis
465 704 564 758 studiis
597 704 745 773 flagrantes
775 719 855 758 senes
883 703 1004 759 vidimus

160 782 197 834 M.
208 798 274 836 vero
287 781 441 848 Cethegum
459 797 541 850 quem
558 783 634 834 reete
646 780 753 834 Suadae
770 779 918 833 medullam
936 779 1007 832 dixit

161 859 270 924 Ennius,
289 860 391 924 quanto
409 856 501 910 studio
518 856 641 909 exerceri
659 856 687 908 in
710 855 827 910 dicendo
847 854 1006 908 videbamus

160 933 244 986 ctiam
257 930 361 986 senem!
399 931 475 996 Quae
487 934 551 984 suut
567 931 653 999 igitur
664 931 805 1000 epularum
816 934 865 984 aut
880 930 1006 985 ludorum

159 1011 208 1062 aut
220 1011 370 1062 scortorum
387 1007 542 1075 voluptates
559 1023 621 1060 cum
638 1006 682 1061 his
697 1007 885 1075 voluptatibus
900 1023 1007 1074 compa-

160 1083 281 1138 randael
318 1085 412 1151 Atque
429 1083 497 1137 baec
509 1083 621 1151 quidem
639 1082 732 1136 studia
749 1083 897 1136 doctrinae.
930 1083 1007 1147 Quae

161 1159 273 1228 quidem
295 1158 477 1228 prudentibus
500 1162 530 1213 et
558 1158 630 1212 bene
658 1158 792 1212 institutis
815 1158 920 1227 paiiter
944 1175 1007 1211 cum

160 1237 442 1302 commoreremini
459 1234 605 1288 honestum
616 1234 685 1286 illud
703 1233 809 1286 Solonis
821 1233 864 1300 sit,
877 1232 951 1301 quod
970 1232 1011 1287 ait

161 1310 293 1364 versiculo
313 1311 440 1379 quodam,
459 1312 492 1363 ut
507 1311 573 1362 ante
591 1308 656 1375 dixi,
670 1324 813 1361 senescere
830 1324 860 1361 so
876 1308 963 1361 multo
979 1303 1008 1358 in

161 1385 220 1440 dies
229 1385 432 1450 addiscentem
444 1399 499 1451 qua
507 1382 650 1452 voluptate
655 1383 738 1436 animi
750 1383 824 1436 nulla
832 1386 909 1437 certe
916 1386 1009 1451 potest

163 1476 331 1528 essemaJor.
831 1474 835 1485 ¹

215 1534 277 1587 XV.
294 1539 335 1588 51.
353 1531 441 1586 Venio
452 1549 524 1594 nune
535 1532 572 1586 ad
588 1532 744 1602 voluptates
760 1530 940 1601 agricolarum
952 1532 1007 1601 qui·

163 1609 215 1664 bus
227 1625 278 1678 ego
288 1607 487 1663 incredibiliter
499 1608 629 1676 delector,
642 1625 713 1678 quae
724 1625 775 1662 nec
786 1609 843 1662 ulla
858 1607 1014 1678 impediun:

164 1688 211 1741 tur
240 1686 382 1741 senectute
411 1687 440 1739 et
463 1683 529 1738 mihi
558 1682 596 1737 ad
624 1684 756 1754 sapientis
777 1685 862 1740 vitam
875 1684 1010 1754 ,proxime

162 1762 290 1816 videntur
308 1761 446 1815 accedere.
481 1760 596 1814 Habent
613 1761 686 1814 enim
702 1762 836 1815 rationem
854 1778 916 1815 eum
933 1765 1010 1815 terra

165 1855 235 1907 quae
263 1853 402 1905 nunquam
425 1840 532 1890 recusat
555 1836 708 1906 imperium,
729 1853 782 1892 nec
807 1854 929 1906 unquam
952 1838 1011 1891 sine

163 1930 245 1967 usura
256 1913 350 1967 reddit
361 1912 435 1982 quod
453 1912 566 1981 aceepit,
578 1912 628 1966 sed
645 1911 714 1966 alias
724 1913 836 1979 minore,
847 1913 1010 1982 plerumque

164 1989 267 2056 rnojore
278 2004 340 2041 cum
351 1988 451 2041 fenore.
478 1988 650 2057 Quamquam
660 2004 706 2042 me
717 1988 828 2056 quidem
840 2004 894 2042 non
905 1988 1010 2043 fruetus

164 2064 246 2118 modo
263 2064 313 2117 sod
330 2065 413 2118 etiam
430 2064 515 2132 ipsius
531 2067 626 2118 terrae
643 2064 685 2118 vis
695 2080 733 2119 -ae
753 2069 853 2119 natura
876 2064 1011 2131 delectat;

165 2158 235 2210 quse
253 2156 337 2209 quum
356 2140 460 2209 gremio
476 2140 582 2194 mollito
598 2156 630 2194 ae
647 2140 760 2194 subacto
777 2156 901 2209 sparsum
918 2156 1011 2195 semen
1124 2170 1125 2219 q

165 2216 281 2285 excepit,
292 2216 411 2285 primum
422 2215 452 2269 id
468 2219 640 2270 occoecatum
657 2216 774 2284 cohibet,
787 2232 821 2270 ex
839 2233 893 2285 quo
909 2217 1012 2270 occatio
1124 2224 1125 2243 ¹

165 2309 235 2361 quae
246 2293 297 2347 boe
308 2292 388 2347 efficit
400 2293 538 2346 nominata
548 2296 607 2358 est;
623 2292 723 2346 deinde
734 2292 901 2361 tepefactum
912 2308 1013 2360 vapore
1124 2314 1125 2371 p

165 2373 194 2422 et
206 2384 361 2437 compressu
373 2383 421 2420 suo
433 2367 552 2421 diffindit
570 2372 600 2421 et
619 2368 693 2421 elicit
709 2366 916 2421 herbescentem
927 2384 962 2421 ex
979 2383 1013 2421 eo
1124 2376 1125 2385 ¹

165 2444 349 2505 viriditatem
366 2459 437 2511 quae
448 2443 512 2497 nixa
531 2444 609 2497 libris
621 2443 748 2513 stirpium
761 2443 862 2498 sensim
873 2443 1013 2511 adolescit,
1123 2493 1124 2500 ,

165 2520 308 2587 culmoque
331 2521 424 2572 erecta
445 2519 599 2586 geniculato
623 2520 729 2588 vaginis
742 2520 802 2589 jam
820 2520 898 2590 quasi
915 2518 1014 2588 pubes·

166 2610 230 2647 cens
241 2594 405 2661 includitur;
422 2612 438 2650 e
451 2594 550 2665 quibus
570 2614 654 2665 quum
672 2598 791 2665 emersit,
803 2595 895 2650 fundit
906 2595 1014 2663 inigem

166 2670 233 2740 spici
245 2670 340 2724 ordine
351 2674 484 2725 structam
496 2676 526 2726 et
542 2676 638 2727 contra
655 2674 745 2727 avium
762 2674 897 2726 minorum
908 2686 1033 2724 morsus*

165 2746 288 2803 munitur
304 2747 375 2802 vallo
392 2748 545 2804 aristarum.
580 2754 622 2804 52.
641 2749 714 2814 Quid
737 2768 787 2819 ego
809 2750 906 2804 sitium
929 2750 1015 2815 ortus,

166 2827 250 2893 satus,
264 2823 431 2879 incrementa
449 2826 678 2881 commemorem?
714 2826 814 2882 Satiari
832 2824 1015 2880 delectatione

166 2914 218 2952 non
231 2916 347 2967 possum,
360 2904 391 2955 ut
403 2917 480 2954 meae
492 2903 643 2957 senectutis
661 2902 815 2972 requietem
834 2903 1015 2956 oblectamen-

165 2976 281 3043 tumque
292 2977 418 3031 noscatis.
444 2975 550 3031 Omitto
562 2979 635 3031 enim
647 2978 702 3031 vim
714 2979 802 3047 ipsam
813 2979 932 3032 omnium
944 2990 1015 3043 quae

164 3055 330 3118 generantur
349 3068 365 3106 e
383 3056 466 3119 terra,
485 3070 555 3122 quae
573 3070 608 3107 ex
626 3054 669 3107 lici
689 3055 796 3108 tantulo
813 3070 898 3122 grano
915 3054 963 3103 aut
981 3066 1015 3102 ex

124 3196 128 3204 Ι
165 3126 234 3180 acini
265 3128 374 3181 vinaceo
398 3131 447 3182 aut
470 3144 504 3183 ex
528 3132 683 3183 ceterarum
704 3129 816 3197 frugum
837 3144 869 3181 ac
889 3125 1016 3194 stirpium

164 3203 355 3258 minutissimis
375 3203 524 3258 seminibus
544 3208 638 3259 tantos
657 3208 769 3258 truncos
790 3216 935 3268 ramosque
954 3215 1016 3266 pro-
