2250 3450
95 108 128 157 aa
281 147 284 154 .
321 112 360 161 m.
378 110 507 161 runnu
523 108 713 159 menemus
753 103 756 148 ῐ

263 191 266 194 ’
285 226 326 274 aa
361 225 489 274 cronno
505 223 713 274 conmmmo
730 223 755 273 s

357 326 416 390 (xm.
430 325 470 377 27.
498 308 531 374 u.
544 337 569 373 u.
583 337 605 373 c.
620 323 687 385 710.)

95 405 157 460 Sex.
175 401 305 457 Aufidius
324 407 354 457 et
370 402 545 457 observantia
564 418 619 472 qua
638 419 683 456 me
701 403 766 457 colit
786 401 893 458 accedit
910 403 948 457 ad

94 478 243 548 proximos,
265 480 295 533 et
317 477 464 545 splendore
486 478 577 549 equiti
596 477 720 531 Romano
743 477 846 531 nemini
866 479 947 532 cedit

95 555 147 608 Est
158 556 251 607 autem
262 553 304 607 ita
314 553 476 622 temperatis
488 553 694 622 moderatisque
703 552 825 607 moribus
836 557 869 608 ut
878 570 948 606 sum-

94 646 140 683 ma
151 629 285 684 severitas
299 645 405 683 summa
423 647 484 684 eum
498 630 672 683 humanitate
684 629 828 697 jungatur.
863 629 948 696 Cujus

94 705 147 761 tibi
159 705 271 773 negotia
282 721 353 774 quae
365 709 430 760 sunt
441 706 470 759 in
483 701 580 760 Africa
587 707 627 760 ita
637 700 796 760 commendo
805 707 837 758 ut
845 704 949 772 majore

96 782 189 836 studio
201 781 321 850 magisve
334 798 369 834 ex
380 784 470 836 animo
482 779 675 836 commendare
686 791 740 835 non
749 781 858 850 possim.
883 781 949 834 Per-

95 859 206 926 gratum
224 857 291 911 mihi
309 858 415 926 feceris,
427 858 452 912 si
469 858 581 912 dederis
599 875 710 928 operam
727 860 759 911 ut
775 858 798 912 is
813 856 949 924 intelligat

95 950 171 987 meas
187 934 261 1002 apud
277 937 307 987 te
320 933 414 988 literas
427 934 578 988 maximum
592 934 700 1003 pondus
715 933 852 988 habuisse.
888 931 950 987 Hoc

96 1012 126 1064 te
137 1008 322 1078 uehementer,
335 1010 373 1063 mi
387 1011 522 1078 Cornifiei,
534 1027 609 1079 rogo.

157 1146 197 1195 24.
231 1146 360 1195 CICERO
376 1147 401 1195 S.
419 1147 453 1197 D.
471 1146 679 1196 CORNIFICIO
695 1145 892 1196 COLLEGAE.

357 1243 417 1307 (ιιι.
432 1245 472 1295 17.
508 1258 534 1293 r.
547 1258 573 1294 ιι.
587 1239 690 1307 ο.’709.)

98 1323 186 1376 Grata
203 1320 271 1375 mihi
289 1321 470 1378 vehementer
487 1327 531 1377 est
549 1322 682 1378 memoria
699 1321 789 1376 nostri
805 1324 855 1375 tua
868 1336 952 1389 quam

98 1397 259 1466 significasti
276 1397 379 1465 literis;
397 1415 480 1469 quam
497 1403 530 1454 ut
547 1413 698 1470 conserves,
710 1414 764 1451 non
780 1413 835 1467 quo
852 1396 887 1450 de
902 1398 952 1450 tua

98 1475 252 1529 constantia
266 1474 390 1529 dubitem
407 1475 456 1529 sed
472 1475 538 1545 quia
551 1492 611 1528 mos
628 1478 671 1529 est
686 1475 727 1528 ita
742 1472 865 1542 rogandi,
878 1488 951 1540 rogo.

98 1550 141 1603 Ex
160 1550 239 1623 Syria
257 1550 337 1613 nobis
355 1551 569 1605 tumultuosiora
582 1551 718 1620 quaedam
734 1549 859 1603 nuntiata
873 1551 954 1620 sunt3

99 1640 177 1694 quae,
191 1626 256 1693 quia
267 1625 318 1679 tibi
332 1630 396 1680 sunt
407 1626 535 1695 propiora
550 1642 633 1695 quam
648 1625 734 1694 nobis,
746 1628 796 1680 tua
810 1641 855 1679 me
870 1639 953 1678 eausa

99 1701 186 1770 uragis
197 1703 309 1757 movent
323 1717 406 1770 quam
421 1718 489 1755 mea.
527 1702 631 1757 Romae
649 1719 785 1757 summum
799 1702 886 1756 otium
901 1702 953 1767 cst,

99 1778 150 1832 sed
161 1778 201 1830 ita
212 1779 245 1830 ut
257 1776 337 1829 malis
349 1776 458 1830 salubre
470 1778 582 1846 aliquod
596 1783 625 1832 et
639 1779 785 1832 honestum
800 1778 954 1845 negotium:

99 1853 175 1922 quod
187 1868 268 1921 spero
278 1852 344 1907 iore.
368 1852 459 1907 Video
470 1854 500 1907 id
512 1870 594 1908 curae
606 1870 666 1908 esse
677 1854 793 1907 Caesari.
817 1854 866 1908 Mo
877 1854 952 1920 scito,

99 1931 166 1984 dum
183 1932 216 1983 tn
233 1928 315 1996 absis,
327 1930 593 1998 qnasi‘occasionem
612 1930 749 1999 quandam
767 1933 796 1984 et
814 1930 953 1984 licentiam

100 2002 211 2059 nactum
230 2004 351 2059 seribere
374 2005 519 2074 audacium
542 2010 572 2061 et
594 2011 688 2061 cetera
707 2005 818 2075 quidem
836 2006 954 2060 fortasse

99 2098 171 2152 quae
183 2082 267 2135 etiam
278 2084 311 2135 tu
322 2082 500 2138 concederes:
518 2083 706 2154 sedproxime
723 2082 819 2152 scripsi
832 2083 867 2137 de
884 2082 954 2151 opti-

100 2174 145 2211 mo
164 2174 266 2226 genere
285 2158 402 2225 dicendi,
421 2159 449 2213 in
466 2177 521 2230 quo
538 2177 620 2229 saepe
640 2160 794 2229 suspicatus
811 2175 871 2213 sum
891 2162 920 2213 te
937 2175 955 2213 a

97 2234 202 2302 judicio
220 2238 322 2302 nostro,
338 2236 377 2291 sie
396 2236 499 2291 scilieet
518 2241 551 2292 ut
568 2237 679 2291 doctum
695 2236 833 2289 hominem
849 2234 884 2289 ab
901 2251 955 2288 non

100 2311 220 2377 indocto,-
238 2311 390 2380 paullulum
409 2313 551 2367 dissidere.
589 2313 663 2366 Huic
686 2316 719 2367 tu
742 2311 813 2366 libro
836 2312 955 2365 maxime

101 2388 183 2442 velim
206 2404 241 2441 ex
265 2389 364 2456 animo,
388 2389 412 2443 si
435 2389 533 2457 minus,
557 2389 665 2457 gratiae
692 2402 773 2442 eausa
798 2386 955 2455 suffragare.

102 2464 199 2517 Dicam
206 2464 263 2517 tuis
272 2468 305 2519 ut
314 2482 385 2533 eum,
393 2466 416 2519 si
426 2466 519 2533 velint,
530 2464 688 2519 describant
697 2465 733 2519 ad
742 2468 829 2531 teque
835 2464 956 2521 mittant

103 2541 175 2594 Puto
193 2540 273 2607 enim,
286 2541 394 2595 etiamsi
411 2558 472 2595 rem
489 2541 580 2594 minus
598 2540 735 2610 probabis,
747 2544 840 2593 mmen
858 2538 887 2591 in
903 2539 957 2592 ista

102 2616 250 2670 solitudine
269 2616 406 2686 quidquid
424 2634 441 2671 a
455 2633 500 2670 me
514 2617 668 2685 proiectum
686 2617 723 2671 sit
735 2612 889 2684 jucundum
905 2614 957 2667 tibi
1053 2619 1059 2631 ’

102 2692 168 2745 fore.
204 2691 286 2756 Quod
305 2692 371 2746 mihi
394 2692 626 2746 existimationem
643 2695 719 2746 tuam
739 2692 958 2760 dignitatemque

103 2767 284 2833 commendas,
296 2768 363 2821 iacis
381 2772 414 2822 tu
432 2768 544 2835 quidem
562 2768 683 2821 omnium
701 2784 791 2834 more;
809 2767 859 2822 sed
878 2765 958 2821 velim

104 2842 143 2896 sic
155 2843 302 2907 existimes
313 2860 359 2896 me
373 2859 459 2912 quum
475 2843 561 2896 amori
578 2860 660 2912 quem
676 2844 751 2898 inter
768 2860 818 2897 nos
831 2846 959 2897 mutuum

105 2934 165 2972 esse
182 2918 340 2985 intelligam>
352 2918 502 2987 plurimum
519 2917 649 2986 tribuam,
661 2924 721 2973 tum
740 2920 902 2974 desummo
918 2916 960 2973 in-

104 2993 185 3060 genio
200 2992 286 3046 etde
300 2994 401 3048 studiis
419 2994 475 3047 tuis
491 2993 602 3061 optimis
617 2999 646 3048 et
661 2996 696 3049 de
711 3012 759 3063 spe
776 2996 960 3064 amplissimae

106 3067 250 3135 dignitatis
258 3068 298 3122 ita
305 3069 433 3136 judicare
443 3072 476 3122 ut
487 3070 623 3123 neminem
635 3070 687 3124 tibi
702 3074 875 3139 anteponam,
888 3087 961 3125 eom·
1042 3090 1046 3099 ·

107 3156 203 3195 narem
213 3158 320 3210 paucos.
