2250 3450
389 172 480 220 CATO
499 170 631 218 MAJOR.
666 169 744 218 cAP.
762 167 830 218 XII.
1004 172 1035 218 13

186 269 293 322 cunque
309 253 420 306 defendi
434 268 506 305 nunc
523 267 607 319 quum
623 249 742 305 maxime
755 249 867 303 conficio
884 251 1034 306 orationes:

182 328 230 396 jus
248 328 398 396 augurium,
410 328 587 396 pontificium,
605 326 684 382 civile
700 330 802 382 tracto:
821 327 937 381 multum
952 329 1036 383 etiam

187 405 299 458 Graecis
319 403 420 457 litteris
448 408 517 470 utor,
543 402 831 472 Pythagoreorumque
859 419 935 458 more
958 421 1036 459 exer-

187 479 289 533 cendae
312 480 459 534 memoriae
487 482 583 548 gratia,
608 478 676 548 quid
701 496 810 548 quoque
839 480 884 533 die
913 479 1036 544 dixerim,

186 556 327 623 audierim,
341 556 450 624 egerim,
463 571 643 610 commemoro
655 555 768 624 vesperi.
805 555 868 609 Hae
884 559 948 610 sunt
959 573 1036 610 exer-

186 631 329 685 citationes
345 632 453 700 ingenii,
472 632 540 686 haec
559 631 692 684 curricula
713 632 824 685 mentis:
847 631 875 683 in
893 631 937 686 his
956 633 1036 686 desu-
1079 627 1083 633 ’

186 707 255 761 dans
276 713 359 776 atque
377 707 519 762 elaborans
535 708 655 776 corporis
671 707 743 761 vires
763 724 817 760 non
834 724 932 775 magno
952 724 1035 778 opere

186 784 319 838 desidero.
355 778 463 838 Adsrim
481 785 588 838 amicis:
607 784 685 837 venio
704 783 733 837 in
754 784 884 839 Senatum
906 785 1035 853 frequens

185 859 313 928 ultroque
336 859 419 913 affero
442 877 488 913 res
510 859 627 913 multum
651 862 681 913 et
704 860 752 913 diu
773 861 913 929 cogitatas,
935 877 1035 930 easque

185 937 265 989 tueor
286 935 369 988 animi
392 946 446 988 non
471 936 591 1003 eorporis
614 935 725 988 viribus.
775 936 851 1000 Quae
875 937 898 990 si
922 937 1035 1005 exsequi

184 1014 333 1086 nequirem,
352 1015 505 1075 tamenme
521 1011 638 1065 lectulus
657 1011 808 1066 oblectaret
826 1029 903 1067 meus
922 1029 955 1067 ea
975 1013 1036 1082 ipsa

185 1089 351 1156 cogitantem
364 1106 434 1158 qnae
448 1089 603 1157 jamagere
620 1103 674 1141 non
685 1105 809 1156 posscm3
826 1091 877 1143 sed
888 1093 920 1144 nt
932 1090 1033 1158 possim

183 1164 250 1218 facit
267 1170 328 1219 acta
344 1166 410 1222 vita.
447 1165 560 1234 Semper
573 1164 646 1218 enim
664 1165 692 1218 in
709 1165 752 1218 his
768 1166 867 1219 studiis
884 1166 1032 1220 laboribus

183 1257 238 1309 que
253 1241 354 1296 viventi
374 1258 428 1295 non
448 1241 613 1310 intelligitur
634 1242 742 1309 quando
763 1242 879 1311 obrepat
898 1245 1032 1295 senectus.

185 1317 231 1370 Ita
248 1317 347 1371 sensim
360 1317 418 1372 sine
431 1334 511 1371 sensu
524 1320 601 1370 aetas
614 1318 730 1370 senescit
737 1341 744 1382 ;
762 1333 812 1370 nec
829 1317 920 1370 subito
932 1317 1034 1385 frangi-

183 1393 236 1456 tur,
249 1393 298 1445 sed
310 1392 491 1445 diuturnitate
506 1390 685 1457 extinguitur.

186 1459 193 1466 ”
236 1466 305 1522 XII.
331 1473 370 1522 39.
389 1467 519 1535 Sequitur
531 1467 615 1519 tertis
623 1467 786 1535 vituperatio
799 1468 948 1529 senectutis
960 1469 1033 1535 quod

183 1558 246 1596 eam
263 1559 356 1596 carere
373 1543 468 1597 dicunt
481 1540 676 1610 voluptatibus.
712 1539 917 1610 Opracclarum
934 1559 1032 1596 munus

183 1619 290 1686 aetatis,
309 1618 331 1672 si
351 1618 461 1688 quidem
478 1619 506 1672 id
526 1619 617 1671 aufert
632 1617 711 1671 nobis
729 1617 803 1686 qnod
821 1618 910 1671 estin
928 1618 1032 1673 adoles

182 1694 272 1748 centia
294 1694 510 1749 vitiosissimum!
554 1694 680 1764 Accipite
703 1693 782 1757 enim,
806 1694 903 1763 optimi
927 1694 1032 1749 adoles-

181 1774 281 1836 centes
299 1775 422 1825 vetercm
443 1772 594 1824 orationem
615 1770 754 1839 Archytae
774 1771 920 1839 Tarentini,
940 1774 1031 1841 magni

180 1846 209 1899 in
220 1848 314 1916 primis
327 1851 357 1902 et
367 1848 501 1917 praeclari
519 1847 577 1912 viri,
597 1863 667 1915 quae
685 1846 751 1899 mihi
770 1847 876 1900 tradita
889 1852 933 1902 est
946 1866 1031 1918 quum

181 1938 269 1977 essem
289 1924 446 1979 adolescens
468 1923 580 1977 Tarenti
600 1939 662 1976 cum
685 1922 718 1986 Q.
739 1923 873 1978 Maximo:
897 1924 1030 1978 “Nullam

180 1999 366 2067 capitaliorem
377 2004 483 2069 pestem
500 2016 582 2068 quam
598 1999 719 2067 corporis
735 1999 904 2068 voluptatem
917 1999 1030 2053 homini-

179 2073 231 2128 bus
250 2074 362 2129 dicebat
384 2093 401 2129 a
423 2079 522 2130 natura
541 2076 643 2144 datam,
663 2076 742 2143 cujus
762 2075 910 2143 voluptatis
933 2076 1030 2130 avidae

180 2149 307 2204 libidines
318 2154 423 2205 temere
435 2154 463 2205 et
476 2152 608 2206 effrenate
620 2150 830 2219 adpotiundum
843 2150 1029 2206 incitarentur.

180 2231 220 2279 40.
246 2227 318 2280 Hinc
337 2228 443 2295 patriae
464 2228 639 2297 proditiones,
664 2226 726 2280 hinc
747 2243 839 2281 rerum
860 2226 1029 2295 publicarum

179 2302 342 2369 eversiones,
365 2302 429 2356 hinc
455 2319 517 2355 cum
544 2303 671 2357 hostibus
701 2302 870 2356 clandestina
897 2302 1029 2372 colloquia

179 2378 266 2442 nasci;
292 2376 394 2430 nullum
413 2378 532 2446 deniquo
557 2378 653 2444 scelus,
676 2378 780 2431 nullum
805 2378 906 2431 malum
924 2378 1029 2433 facinus

180 2468 247 2519 esse,
260 2452 296 2506 ad
308 2452 382 2521 quod
394 2454 595 2520 suscipiendum
607 2471 660 2507 non
677 2454 763 2509 libido
774 2454 923 2523 voluptatis
934 2454 1029 2523 impel-

179 2526 265 2593 leret;
285 2530 380 2596 stupra
396 2544 461 2581 vero
479 2531 508 2582 et
526 2528 663 2583 adulteria
681 2533 710 2584 et
727 2546 806 2584 omne
824 2530 880 2584 tale
896 2530 1028 2598 flagitium

178 2602 259 2655 nullis
271 2602 385 2657 excitari
400 2602 460 2657 aliis
478 2604 614 2659 illecebris
626 2606 679 2659 nisi
691 2606 846 2676 voluptatis.
883 2604 1028 2675 Quumque
1119 2664 1120 2667 ,

4 2736 5 2753 χ
178 2678 280 2731 homini
297 2679 355 2733 sive
370 2683 468 2733 natura
485 2682 541 2736 sivo
560 2683 621 2750 quis
640 2681 708 2736 deus
724 2682 791 2736 nihil
804 2685 897 2735 mente
908 2686 1029 2750 praesta
1117 2687 1121 2700 ’

4 2790 5 2797 κ
100 2781 107 2789 -
177 2754 259 2808 bilius
278 2754 409 2823 dedisset,
428 2755 493 2811 huic
507 2758 599 2812 divino
618 2760 724 2812 muneri
742 2776 774 2813 ac
792 2758 864 2811 dono
881 2757 949 2810 nihil
967 2775 1028 2812 csse

178 2835 234 2884 tam
246 2831 385 2885 inimicum
398 2848 479 2900 quam
492 2835 670 2904 voluptatem.
700 2842 741 2889 41.
760 2836 786 2888 N
787 2852 818 2889 ec
831 2834 1028 2900 enimlibidine

177 2906 334 2961 dominante
353 2910 551 2976 temperantiae
568 2912 656 2964 locum
679 2927 746 2979 esse,
765 2908 982 2980 neque‘omnino
1000 2911 1028 2962 in

176 2982 323 3050 voluptatis
340 2999 425 3051 regno
443 2984 573 3039 virtutem
591 3003 671 3054 posse
687 2987 844 3040 consistere.
881 2985 961 3048 Quod
973 3000 1027 3051 quo

4 3078 5 3085 ¹
75 3104 81 3119 ,
175 3059 263 3126 magis
275 3058 393 3125 intelligi
405 3063 506 3129 posset,
520 3062 624 3129 fingere
636 3063 726 3115 animo
740 3061 860 3130 jubebat
871 3063 949 3114 tanta
961 3059 1027 3110 inci-

174 3136 264 3187 tatum
277 3134 396 3203 aliquem
408 3134 549 3204 voluptate
567 3138 687 3205 corporis
705 3140 809 3204 quanta
819 3134 922 3204 percipi
935 3133 1027 3200 posset

175 3210 307 3326 quima:
333 3208 436 3264 nemini
456 3212 587 3266 censebat
603 3213 663 3266 fore
681 3211 797 3266 dubium
820 3210 887 3280 quin
912 3204 998 3260 tamd'
