2250 3450
87 145 120 198 el
305 142 352 192 M.
369 138 497 190 TULLII
508 165 510 170 .
520 133 710 187 CICERONIS

87 226 265 290 delectantur,
277 227 307 281 et
317 223 338 278 ii
350 222 398 293 qui
410 238 489 276 sunm
502 218 643 288 negotium
655 219 759 287 gerunt
766 215 860 286 ,otiosi
875 232 937 285 pos-

87 305 176 357 tremo
198 302 218 355 ii
241 301 289 371 qui
312 317 342 354 se
365 302 439 353 totos
462 297 637 351 tradiderimt
660 293 855 362 voluptatibus,
879 295 937 349 sine

88 378 206 432 amicitia
224 378 309 439 vitam
323 392 383 430 esse
401 375 508 438 nullam,
527 372 551 425 si
575 371 656 424 modo
679 371 764 424 velint
787 371 880 438 aliqua
902 387 938 424 ex

88 458 167 526 parte
188 452 339 506 liberaliter
357 451 455 505 rivere.
490 453 531 506 87.
554 447 647 516 Serpit
670 447 742 501 enim
762 446 852 500 nescio
872 462 938 514 quo-

83 531 168 586 modo
193 545 246 597 per
273 527 392 582 omnium
415 526 486 579 vitas
509 524 636 590 amicitia,
659 539 710 576 nec
732 522 815 575 ullam
838 523 939 577 aetatis

88 605 230 673 degendae
253 603 386 657 rationem
409 601 516 670 patitur
535 615 596 654 esse
616 601 758 667 expertem
780 599 831 652 sui.
866 600 939 665 Quin

89 682 172 736 etiam
188 680 211 734 si
227 679 289 748 quis
306 677 454 747 asperitate
473 693 506 730 ea
524 679 568 730 est
588 678 618 729 et
636 673 806 728 immanitate
824 678 939 731 naturae

88 772 248 826 congressus
270 757 303 809 ut
326 753 465 808 hominum
488 752 577 820 fugiat
602 754 686 820 atque
709 750 807 815 oderit,
831 751 939 819 qualem

88 834 171 887 fuisse
184 831 301 886 Athonis
314 831 453 883 Timonem
464 828 554 882 nescio
571 844 654 896 quem
669 825 829 895 accepimus,
847 830 939 881 tamen

89 911 112 962 is
125 909 184 978 pati
195 924 249 962 non
260 907 347 976 possit
358 909 391 960 ut
408 922 462 958 uon
483 903 613 973 anquirat
626 903 745 971 aliquem
763 902 837 971 apud
859 919 940 972 quem

89 987 197 1038 evomat
212 983 287 1038 rium
304 981 462 1036 acerbitatis
478 996 549 1034 suae.
585 981 681 1048 Atque
696 978 748 1032 hoc
766 979 884 1032 maxime
896 979 941 1046 ju-

90 1060 234 1126 dicaretur,
257 1059 280 1114 si
298 1057 365 1127 quid
380 1057 437 1112 tale
452 1060 544 1126 posset
556 1057 713 1124 contingere
728 1058 761 1109 ut
779 1055 877 1125 aliquis
891 1071 942 1108 nos

90 1136 158 1190 deus
168 1152 203 1198 ex
215 1135 267 1189 hac
277 1134 417 1188 hominum
428 1133 584 1202 frequentia
595 1133 706 1186 tolleret
717 1134 748 1186 et
756 1133 785 1185 in
796 1131 941 1186 solitudine

89 1211 195 1280 uspiam
207 1211 357 1278 collocaret,
370 1212 453 1279 atque
465 1207 502 1263 ibi
519 1209 697 1279 suppeditans
713 1209 832 1262 omniurn
849 1224 942 1262 rernm

92 1303 159 1356 quas
171 1290 270 1341 natura
282 1285 422 1340 desiderat
438 1285 634 1340 abundantiam
654 1289 684 1340 et
702 1285 807 1354 copiam
826 1284 943 1338 hominis

91 1363 199 1416 omnino
211 1361 379 1432 adspiciendi
390 1366 555 1432 potestatem
569 1364 695 1431 eriperet
732 1360 943 1425 Quietamesset

91 1441 195 1494 ferreus
208 1439 256 1508 qui
268 1456 328 1493 eam
340 1440 426 1493 vitam
437 1440 509 1495 ferre
525 1442 626 1510 posset,
639 1439 737 1508 cuique
752 1438 806 1491 non
822 1437 944 1490 auferret

92 1515 213 1569 fructum
235 1515 408 1584 voluptatum
435 1517 555 1569 omnium
587 1514 725 1570 solitudol
770 1519 812 1568 88.
838 1511 944 1566 Verum

93 1607 158 1659 ergo
170 1589 239 1643 illud
250 1594 294 1645 est
306 1590 380 1659 quod
391 1591 564 1646 alerentino
577 1591 707 1658 Archyta,
724 1593 756 1644 ut
772 1590 875 1659 opinor,
889 1587 944 1641 dici

94 1666 210 1732 solitum,
233 1669 342 1720 nostros
365 1682 444 1719 senes
467 1682 680 1720 commemorare
707 1664 799 1719 audivi
824 1663 860 1718 ab
882 1662 944 1716 aliis

93 1742 203 1797 senibus
210 1740 349 1796 auditum:
363 1742 386 1795 si
395 1742 457 1810 quis
468 1743 497 1796 in
509 1742 614 1797 caelum
626 1741 795 1797 ascendisset
806 1737 944 1795 naturam-

92 1834 146 1887 que
169 1816 265 1871 mundi
295 1821 324 1872 et
344 1817 575 1887 pulchritudinem
599 1818 720 1873 siderum
750 1817 943 1887 perspexisset,

92 1894 232 1949 insuavem
256 1893 330 1947 illem
358 1893 568 1949 admirationem
598 1894 624 1948 ei
653 1894 719 1960 lore,
751 1910 823 1963 quae
846 1892 942 1961 jucun·

93 1969 350 2024 dissimaiuissetsi
370 1970 489 2038 aliquem
507 1970 550 2024 cui
570 1973 696 2023 narraret
715 1969 864 2023 habuisset.
899 1968 945 2022 Sic

92 2049 191 2100 natum
214 2045 364 2099 solitarium
387 2045 453 2099 nihil
477 2049 559 2113 amat,
584 2061 746 2113 semperque
769 2044 806 2098 ad
832 2042 945 2113 aliquod

93 2125 233 2191 tamquam
256 2120 448 2175 adminiculum
472 2121 613 2189 annititur,
634 2120 709 2189 quod
731 2119 760 2173 in
783 2118 946 2174 amicissimo

94 2214 204 2266 quoque
215 2195 400 2251 dulcissimum
412 2201 461 2252 est

145 2271 252 2327 XXIV.
270 2272 325 2327 Sed
343 2290 427 2342 quum
440 2277 484 2328 tot
496 2274 580 2341 signis
596 2273 693 2327 cadem
709 2274 808 2326 natura
823 2271 946 2327 declaret

95 2350 162 2420 quid
186 2349 258 2415 velit,
281 2350 415 2419 anquirat,
439 2349 586 2417 desideret,
610 2348 830 2403 obsurdescimus
851 2345 945 2402 tamen

93 2426 184 2480 nescio
197 2425 340 2494 quomodo,
352 2442 402 2481 nec
414 2442 447 2481 ea
459 2442 530 2495 quae
548 2425 583 2479 ab
599 2442 633 2480 ea
650 2440 793 2479 monemur
811 2419 945 2479 audimus

95 2502 146 2555 Est
158 2501 230 2555 enim
243 2501 333 2555 varius
350 2505 379 2557 et
394 2502 539 2570 multiplex
554 2518 620 2555 usus
635 2500 777 2568 amicitiae,
788 2500 946 2569 multaeque

94 2592 192 2631 causae
211 2576 394 2646 suspicionum
413 2578 646 2646 offensionumque
667 2577 777 2645 dantur,
798 2579 945 2645 questum

19 2678 20 2683 ¹
94 2654 198 2707 evitare
210 2656 269 2707 tum
289 2654 396 2709 elevare
414 2655 478 2708 tnm'
492 2654 567 2707 ferre
584 2653 715 2722 sapientis
731 2655 783 2707 est.
818 2652 882 2706 Una
899 2652 947 2705 illa

94 2727 262 2784 sublevanda
273 2728 384 2783 offensio
396 2732 447 2796 est,
459 2732 532 2783 utet
544 2729 650 2803 utilitas
661 2729 689 2781 in
699 2727 820 2782 amicitia
831 2731 860 2782 et
876 2727 947 2781 fides

95 2805 248 2859 retineatur
256 2825 263 2870 ;
280 2820 343 2858 nam
359 2808 389 2859 et
404 2805 531 2859 monendi
543 2805 624 2859 amici
639 2821 722 2873 saepe
732 2807 798 2858 sunt
810 2807 840 2858 et
855 2802 947 2871 objur-

95 2880 196 2948 gandi;
214 2882 243 2933 et
263 2879 331 2933 haec
346 2880 503 2949 accipienda
518 2880 605 2933 amice
622 2896 707 2948 quum
720 2879 852 2934 benevole
869 2879 948 2935 fiunt.

96 2961 137 3010 89.
156 2954 212 3009 Sed
235 2955 327 3009 nescio
351 2956 486 3023 quomodo
506 2972 601 3010 verum
624 2958 668 3008 est
691 2954 766 3023 qnod
785 2955 814 3008 in
838 2953 949 3009 Andria

96 3030 236 3085 familiaris
247 3046 324 3084 meus
336 3030 418 3085 dicit:

11 3160 12 3165 ,
248 3107 400 3169 Obsequium
411 3106 510 3167 amieos,
523 3107 615 3156 veritas
626 3107 710 3157 odium
721 3107 797 3171 parit.
955 3168 958 3174 μ

11 3196 12 3261 ζ
97 3185 216 3243 Molesta
227 3186 335 3253 veritas,
347 3187 370 3240 si
383 3186 494 3255 quidem
510 3202 545 3243 ex
563 3204 598 3242 ea
613 3188 735 3244 nasdtnr
753 3186 854 3252 odium,
873 3184 949 3253 quod
