2250 3450
111 122 140 166 tt
333 118 372 166 M.
390 75 516 166 TllLLII
534 116 724 166 CICERONIS

63 221 68 230 ·
110 215 160 254 nos
182 196 388 253 benevolentiae
413 196 523 266 pariter
545 196 753 266 aequaliterque
777 196 961 267 respondeat3

111 274 225 330 tertiam
242 278 274 328 ut
292 273 388 343 quanti
405 275 521 343 quisque
540 289 570 326 so
590 273 650 341 ipse
669 273 744 340 iacit,
764 273 836 326 tanti
857 271 960 327 liat‘ab

110 351 211 405 amieis.
248 351 356 403 Harum
367 349 452 403 trium
465 349 663 403 sententiarum
674 349 741 402 nulli
752 365 863 418 prorsus
869 366 961 403 assen-

111 427 173 481 tior.
207 426 234 479 N
236 442 266 480 ec
279 426 351 479 enim
368 427 416 479 illa
431 426 521 494 prima
537 442 603 478 vera
620 428 664 478 est
680 428 712 478 ut
730 425 961 494 quemadmodum

111 503 140 556 in
154 519 184 555 sc
198 502 321 570 quisque,
337 501 417 555 sicin
431 501 547 555 amicum
563 501 600 554 sit
615 501 758 564 animatus
804 505 845 559 57.
872 501 961 565 Quam

112 579 199 632 multa
215 578 286 632 enim
301 594 371 647 quae
384 577 471 631 nostri
484 593 565 630 causa
575 592 714 647 nunquam
727 577 886 644 faceremus,
898 576 962 630 faci-

111 671 172 708 mus
190 671 271 709 causa
290 653 452 720 amicorum
478 653 585 722 precari
601 653 636 706 ab
654 653 774 722 indigno,
793 653 962 722 supplicare;

112 734 171 785 tum
197 730 353 784 aaerbius
345 747 374 783 m
400 730 518 798 aliquem
544 729 643 798 invehi,
669 729 888 808 insectarique
880 728 962 782 vehe·

112 805 247 861 mentius·
241 822 335 875 ,quae
355 806 383 858 in
404 805 505 859 nostris
524 803 608 859 rebus
628 823 682 860 non
704 809 746 859 sat
747 805 771 858 is
734 787 940 873 thoneste,
931 821 961 858 1n

114 882 262 937 amicorum
282 883 351 936 fiunt
371 881 579 936 honestissime:
600 883 757 951 multaeque
778 899 823 935 res
846 880 941 934 sunt
931 898 962 934 1n

113 959 269 1028 quibusda
289 958 345 1012 suis
369 957 518 1012 commodis
541 957 592 1010 viri
615 957 680 1011 boni
703 959 790 1012 multa
813 957 963 1012 detrahunt

114 1035 278 1105 detrahique
300 1035 449 1104 patiuntur,
473 1035 505 1088 ut
528 1033 561 1086 iis
585 1033 664 1088 amici
688 1034 781 1103 potius
805 1051 887 1103 quam
909 1033 963 1102 ipsi

114 1111 247 1166 fruantur.
270 1116 310 1165 58.
325 1110 423 1164 Altera
435 1109 572 1164 sententia
580 1113 624 1163 est
632 1126 702 1178 quae
712 1110 808 1165 definit
815 1109 963 1163 amicitiam
1055 1105 1058 1111 ’

114 1187 226 1256 paribus
239 1186 333 1240 officiis
350 1201 382 1240 ae
397 1185 590 1254 voluntatibus.
625 1185 687 1239 Hoc
701 1186 813 1254 quidem
826 1189 869 1239 est
882 1185 963 1238 nimis

116 1263 215 1331 exigue
229 1265 259 1316 et
273 1262 382 1316 exiliter
398 1260 434 1314 ad
450 1261 568 1315 calculos
584 1277 681 1315 vocare
697 1261 851 1329 amicitiam,
866 1265 964 1330 utpar

117 1338 153 1392 sit
178 1337 248 1392 ratio
274 1339 447 1406 acceptorum
473 1339 502 1392 et
528 1338 662 1392 datorum.
698 1337 816 1391 Divitior
841 1337 908 1390 mihi
933 1340 965 1393 et

117 1413 271 1468 affluentior
291 1414 401 1468 videtur
424 1430 484 1467 esse
507 1430 573 1468 vora
595 1413 723 1482 amicitia,
746 1431 796 1468 nec
820 1413 964 1468 observare

116 1490 245 1544 restricte
259 1506 293 1542 ne
307 1490 369 1558 plus
383 1489 483 1544 reddat
498 1507 581 1558 quam
596 1490 741 1560 acceperit.
777 1491 876 1560 Neque
891 1490 964 1544 enim

117 1563 266 1620 verendum
282 1570 375 1619 estne
393 1565 460 1633 quid
478 1565 595 1633 excidat,
613 1569 661 1620 aut
678 1583 713 1620 ne
731 1567 798 1635 quid
816 1567 844 1620 in
861 1570 964 1620 temam
1001 1577 1010 1588 ‘

117 1641 226 1708 defluat,
248 1645 296 1694 aut
318 1657 353 1694 ne
376 1640 548 1709 plus-aequo
571 1641 600 1693 in
624 1641 772 1695 amicitiam
795 1644 964 1709 congeratur.

117 1724 157 1772 59.
177 1716 285 1771 Tertius
297 1733 361 1770 vcro
372 1715 419 1770 ille
430 1716 491 1769 finis
506 1716 677 1783 deterrimus,
692 1719 724 1770 ut
738 1717 835 1786 quanti
848 1717 965 1785 quisque

117 1809 148 1847 se
170 1794 229 1861 ipse
251 1792 342 1859 iaciat,
364 1792 437 1845 tanti
461 1793 510 1845 fiat
533 1791 569 1845 ab
591 1791 691 1845 amicis.
727 1793 813 1860 Saepe
838 1792 910 1845 enim
935 1792 965 1845 in

117 1867 281 1938 quibusdam
299 1870 347 1920 aut
364 1868 469 1920 animus
486 1866 619 1935 abjectior
636 1870 680 1921 est
699 1870 748 1920 aut
769 1884 830 1936 spes
850 1867 965 1935 amplifi-

117 1943 221 1997 candae
238 1942 363 1995 fortunae
380 1941 501 1997 fractior.
535 1941 600 1996 Non
617 1945 661 1996 est
677 1942 762 2010 igitur
781 1942 861 1996 amici
880 1944 963 1998 talem

118 2034 178 2071 osse
196 2017 225 2071 in
244 2033 306 2070 cum
325 2017 414 2085 qualis
432 2018 478 2071 ille
496 2018 524 2070 in
546 2034 575 2071 se
596 2021 647 2084 est,
667 2018 717 2071 sed
737 2018 828 2087 potius
849 2019 914 2073 eniti
935 2022 966 2073 et

118 2094 224 2149 efficere
241 2096 274 2147 ut
291 2092 370 2146 amici
384 2092 523 2161 jacentem
540 2093 660 2147 animum
677 2093 780 2147 excitet
799 2094 965 2163 inducatque

117 2170 147 2223 in
163 2185 239 2238 spem
256 2168 503 2237 cogitationemque
519 2169 669 2223 meliorem.
705 2168 785 2223 Alius
801 2170 886 2238 igitur
903 2170 966 2223 finis

118 2262 199 2300 verae
211 2243 347 2299 amicitiae
359 2243 566 2299 constituendus
578 2247 629 2310 est,
641 2246 664 2297 si
675 2246 753 2314 prius
767 2245 834 2314 quid
847 2247 966 2300 maxime

118 2321 320 2390 reprehendere
333 2320 423 2389 Scipio
436 2320 532 2374 solitus
544 2320 580 2375 sit
592 2320 711 2375 edixere.
746 2320 874 2389 Negabat
882 2322 964 2376 ullam

118 2413 212 2451 vocem
223 2396 402 2451 inimiciorem
414 2396 549 2451 amicitiae
560 2397 682 2464 potuisse
690 2398 805 2467 reperiri
815 2414 897 2467 quam
905 2397 966 2466 ejus

119 2472 168 2543 qui
186 2472 310 2540 dixisset,
328 2473 369 2526 ita
386 2488 478 2526 amare
495 2476 623 2541 oportere
640 2476 673 2526 ut
690 2474 712 2527 si
730 2473 876 2544 aliquando
893 2476 967 2529 osset

118 2564 230 2613 osurus;
246 2564 298 2601 nec
308 2563 415 2602 verosa
427 2547 527 2602 adduci
539 2564 619 2616 posse
629 2552 662 2602 ut
671 2548 728 2615 hoc,
737 2549 966 2617 quemadmodum

119 2626 271 2692 putaretur,
290 2639 307 2676 a
325 2623 424 2677 Biante
441 2639 502 2677 esse
521 2622 625 2677 dictum
642 2623 775 2690 crederet,
794 2626 842 2693 qui
859 2626 967 2693 sapiens

118 2697 230 2751 habitus
253 2700 327 2755 esset
349 2714 420 2751 unus
443 2714 459 2752 e
482 2701 608 2767 septem;
630 2698 731 2767 impuri
753 2700 895 2769 eujusdam
919 2704 967 2755 aut

119 2772 256 2828 ambitiosi
268 2776 316 2826 aut
328 2773 418 2830 omnia
432 2773 469 2827 ad
484 2790 561 2827 suam
575 2774 726 2841 potentiam
740 2778 893 2829 revocantis
907 2793 968 2831 esso

120 2848 291 2902 sententiam.
327 2847 450 2911 Quonam
462 2848 534 2901 enim
546 2848 628 2903 modo
641 2850 786 2918 quisquam
797 2852 899 2905 amicus
907 2868 968 2905 esse

120 2922 225 2992 poterit
238 2922 298 2991 ejus
312 2923 356 2975 cui
370 2938 399 2976 se
412 2923 524 2991 putabit
536 2920 674 2977 inimicum
689 2942 749 2979 esse
762 2930 861 2996 pessel
896 2928 969 2993 Quin

121 2998 205 3051 etiam
217 3013 327 3051 necesse
339 2997 393 3051 erit
404 3014 504 3067 cupere
516 3002 545 3052 et
557 3002 654 3066 optare
667 3004 700 3053 ut
714 3019 796 3071 quam
810 3004 969 3073 saepissime

121 3077 217 3141 peccet
233 3073 343 3140 amicus,
361 3089 415 3142 quo
432 3074 526 3142 plures
543 3074 593 3128 det
611 3075 662 3128 sibi
679 3079 820 3145 tamquam
837 3097 916 3135 ansas
933 3081 970 3135 ad

14 3176 15 3218 p
122 3147 376 3216 reprehendendum
384 3169 393 3215 3
412 3163 523 3203 rursum
542 3153 636 3204 autem
655 3155 731 3207 recte
753 3153 834 3209 factis
854 3172 970 3209 comme
