2250 3450
130 152 161 204 70
357 142 395 191 m.
412 138 542 191 nonum
559 136 752 186 cressonis

243 284 267 334 4.
299 280 456 331 TULLIUS
472 276 679 327 TERENTIAE
696 276 833 329 sums.
845 277 880 326 D.

385 386 449 447 (xm.
464 386 502 445 12.
537 396 563 431 a,
577 395 603 432 n.
616 394 638 430 c.
657 381 724 444 706.)

131 478 167 531 In
181 474 307 530 maximis
322 472 391 527 meis
407 469 547 525 doloribus
564 468 704 523 excruciat
719 484 765 523 me
777 467 905 523 valetudo
917 470 982 525 Tul-

130 552 183 606 liae
194 554 311 605 nostrae.
332 549 375 602 De
384 564 438 618 quo
449 547 517 600 nihil
529 550 573 599 est
585 545 660 613 quod
671 544 708 598 ad
718 547 748 598 te
759 545 840 613 plura
848 546 981 615 scribam3

131 628 182 682 tibi
200 627 273 681 enim
290 642 378 697 aeque
395 642 511 693 magnae
528 638 611 676 curae
629 638 689 675 esse
706 625 783 675 certo
801 623 864 678 scio.
901 625 982 689 Quod

131 720 176 758 me
193 705 305 774 propius
324 702 405 757 vultis
425 703 562 769 accedere,
581 700 661 754 video
681 700 722 755 ita
740 718 800 755 esse
818 702 982 756 iaciendum.

132 780 223 834 Etiam
235 785 299 835 unte
311 780 444 848 fecissem,
458 778 507 833 sed
522 795 567 832 me
586 777 674 833 multa
691 779 894 849 impediverunt
911 794 983 847 quae

131 872 166 910 ne
186 873 257 910 nunc
276 856 388 927 quidem
409 856 538 925 expedita
556 858 628 909 sunt.
665 854 721 909 Sed
737 872 754 908 a
771 854 919 923 Pomponio
936 871 983 907 ex-

132 936 225 1001 specto
243 933 338 987 literas
359 950 426 1002 quas
445 932 481 987 ad
500 948 544 985 me
564 948 647 1001 quam
666 931 785 1001 primum
805 929 984 998 perferendos

132 1015 211 1064 curres
222 1009 311 1063 velim.
347 1008 390 1061 Da
402 1025 513 1077 operam
525 1010 557 1061 ut
569 1007 680 1061 valeas'

240 1162 265 1209 5.
293 1159 451 1209 TULLIUS
467 1160 491 1209 S.
505 1158 538 1207 D.
556 1158 766 1207 TERENTIAE
782 1159 884 1209 SUAE.

391 1264 456 1329 (xm.
470 1266 508 1313 11.
545 1276 571 1313 a,
585 1275 610 1310 u.
624 1276 646 1312 o.
664 1262 730 1325 707.)

133 1367 154 1407 s.
171 1367 199 1407 v.
217 1367 243 1407 n.
259 1366 285 1405 n.
302 1367 328 1407 v.
364 1352 452 1405 Tullia
470 1353 565 1405 nostra
580 1350 656 1405 venit
676 1350 713 1403 ad
738 1367 783 1404 me
805 1350 895 1420 pridie
914 1351 983 1407 Idus

134 1428 239 1495 Junias,
259 1427 337 1496 cujus
356 1444 461 1482 summa
481 1428 584 1481 virtuto
608 1430 638 1480 et
659 1426 789 1494 singulari
812 1428 984 1482 humanitate

133 1503 258 1573 graviore
276 1505 359 1558 etiam
378 1520 437 1557 sum
455 1503 548 1557 dolore
567 1502 680 1557 affectus
697 1505 792 1557 nostra
807 1503 909 1557 factum
923 1521 984 1558 esse

133 1580 299 1649 negligentia
316 1583 348 1634 ut
366 1581 447 1648 longe
468 1580 521 1633 alia
540 1580 570 1633 in
589 1579 701 1633 fortuna
719 1584 794 1634 esset
816 1584 900 1650 atque
924 1580 984 1648 ejus

134 1656 222 1726 pietas
246 1672 278 1710 ac
301 1656 422 1725 dignitas
446 1656 610 1727 postulabat.
648 1654 735 1711 Nobis
759 1660 819 1711 erat
842 1658 871 1711 in
895 1658 984 1711 animo

135 1733 294 1787 Ciceronem
311 1733 347 1787 ad
366 1733 510 1788 Caesarem
529 1734 649 1803 mittere,
662 1737 692 1789 et
709 1751 770 1788 cum
785 1751 817 1788 eo
833 1735 881 1789 Cn.
894 1734 985 1790 Salus-

134 1808 211 1863 tium.
241 1807 270 1862 si
282 1808 420 1877 profectus
433 1809 494 1875 erit,
506 1809 604 1864 faciam
616 1813 646 1863 te
658 1810 810 1864 certiorem.
840 1811 983 1864 Valetudi-

133 1900 197 2013 ffim
209 1887 285 1938 tuam
300 1899 365 1938 eura
378 1884 531 1952 diligenter.
559 1885 637 1939 Vale.
666 1901 734 1940 xvn.
749 1886 888 1941 Kalendas
901 1885 984 1952 Quin-

288 2065 310 2109 6.
345 2061 503 2112 TULLIUS
521 2062 545 2110 S.
560 2062 593 2112 D.
612 2063 827 2114 TERENTIAE.

395 2166 460 2229 (mv.
474 2170 512 2217 15.
548 2182 573 2218 ι.
587 2180 613 2217 u.
626 2181 648 2217 o.
667 2168 732 2229 707.)

135 2254 165 2309 si
187 2251 362 2322 salesberie
383 2259 435 2310 est.
473 2257 717 2325 Constitueramus,
737 2261 769 2312 ut
793 2257 830 2311 ad
852 2260 882 2312 te
905 2260 987 2312 antea

135 2331 304 2400 scripseram,
328 2331 435 2386 obviam
460 2333 619 2388 Ciceronem
644 2333 755 2388 Caesari
779 2334 907 2398 mittere;
937 2333 989 2387 sed

135 2408 300 2462 mutavimus
311 2409 461 2478 consilium,
472 2412 537 2479 quia
550 2410 585 2465 de
597 2410 670 2464 illius
682 2409 804 2463 adventu
815 2409 882 2462 nihil
894 2408 990 2462 audie-

136 2484 239 2538 bamus.
276 2485 318 2538 De
338 2486 437 2540 ceteris
455 2486 545 2554 rebus,
566 2487 619 2540 etsi
640 2486 708 2540 nihil
729 2489 789 2540 erat
808 2486 878 2553 novi,
896 2488 990 2538 tamen

137 2561 204 2629 quid
216 2560 330 2615 velimus
343 2566 372 2615 et
384 2561 453 2630 quid
464 2561 515 2615 hoo
524 2565 649 2631 tempore
661 2566 789 2632 putemus
801 2580 869 2631 opus
881 2578 942 2617 esse
954 2578 991 2615 ex

126 2636 214 2690 'Sicca
225 2637 329 2706 poteris
341 2653 510 2704 cognoscere.
546 2639 661 2692 Tulliam
677 2638 766 2692 adhue
782 2655 889 2693 mecum
900 2642 991 2692 teneo.

137 2711 333 2849 {aalegudmssm
345 2715 422 2766 tuum
437 2727 503 2766 eura
519 2713 675 2782 diligenter.
713 2715 790 2768 Vale.
824 2729 874 2769 111.
887 2713 992 2768 Kalen-

175 2802 187 2838 s
226 2801 274 2840 mn
308 2827 315 2840 .

251 2903 274 2955 ι.
308 2903 465 2975 nunnus
482 2906 688 2956 nunnuumn
706 2899 801 2957 suan
818 2909 844 2959 s,
857 2909 891 2959 n.

392 2981 460 3072 (xrs.
475 3013 513 3061 24.
550 3026 576 3062 s.
589 3025 614 3061 n.
627 3024 649 3061 o.
668 3014 734 3075 707.)

140 3110 160 3149 s
178 3110 205 3148 v.
223 3109 249 3146 n.
266 3109 291 3146 n.
309 3110 334 3146 v.
370 3095 396 3146 N
398 3111 427 3149 os
439 3113 529 3164 neque
542 3099 578 3150 de
587 3099 711 3151 Caesaris
720 3101 841 3155 adventu
852 3119 943 3171 neque
955 3104 995 3160 de

140 3168 235 3235 literis,
248 3183 315 3236 quas
328 3167 492 3224 Philotimus
502 3167 605 3226 habere
618 3173 726 3240 dicitm,
736 3176 888 3246 quidquam
899 3179 995 3236 adhuc
