2250 3450
102 109 154 157 uo
296 154 302 163 ,
324 101 362 149 u.
376 99 507 161 nonum
523 97 712 148 nicanorus

100 186 260 253 legatorum,
269 182 315 250 qui
323 178 661 250 quiqegissentnihildum
668 177 855 234 nuntiabatur.
877 181 961 236 Haec

100 263 194 314 tumen
205 258 350 312 scribenda
362 256 514 311 existimavi
527 276 534 310 ε
551 255 680 324 primum,
693 254 721 308 S.
735 255 765 309 P.
778 256 810 320 Q.
823 255 856 311 lt.
872 256 908 311 de
924 261 960 312 te

100 335 231 400 laborare,
244 350 298 388 non
311 333 397 387 solnm
409 332 506 386 salutis
518 348 583 386 suae
601 347 682 385 eausa
699 329 848 386 sedetiam
865 332 959 402 digni-

100 413 167 466 tatis
179 414 250 465 tuae.
286 408 466 463 Admirabilis
481 407 553 462 enim
571 410 613 460 est
629 407 764 477 quaedam
781 407 823 461 tui
839 411 958 464 nominis

99 488 206 554 caritas
219 502 351 556 amorque
366 486 395 538 in
411 488 441 538 te
460 483 605 553 singularis
627 482 747 536 omnium
766 483 873 539 civium.
909 487 959 542 lta

100 564 172 618 enim
195 567 308 632 sperant
326 565 410 630 atque
431 560 580 627 confidunt,
604 562 637 614 ut
654 562 735 614 autea
752 577 825 629 rege,
845 561 884 616 sie
903 562 958 618 hoc

100 643 224 708 tempore
243 654 328 705 regno
346 640 376 691 te
394 653 452 691 rem
471 636 607 706 publicam
627 635 815 691 liberaturum.
850 637 957 692 Romae

99 715 223 769 delectus
239 713 356 768 habetur
371 716 488 782 totaque
508 713 596 780 ltalia,
618 712 641 766 si
659 711 703 765 hio
721 711 844 767 delectus
863 715 957 783 appel-

99 791 202 858 landus
209 792 253 844 est
264 806 349 858 quum
360 789 434 842 ultro
450 805 480 842 se
496 788 614 842 offerunt
633 805 743 844 omnes:
762 789 957 844 tantus¹ardor

99 866 242 936 occupavit
254 866 358 919 animos
369 863 511 918 hominum
529 864 667 918 desiderio
685 864 821 919 libertatis
837 867 956 935 odioque

96 941 221 1006 diutinae
232 942 381 996 servitutis
417 940 460 995 De
476 941 590 1009 reliquis
606 940 689 994 rebus
702 958 718 995 a
729 945 759 994 te
773 940 833 1010 jam
845 958 956 1011 exspee

99 1019 161 1072 ture
173 1017 266 1072 literas
283 1016 422 1084 debemus,
435 1016 503 1086 quid
520 1016 579 1085 ipse
596 1033 669 1084 agas,
686 1016 754 1085 quid
773 1021 867 1072 noster
889 1018 956 1074 Hir-

99 1094 164 1159 tius,
188 1094 255 1163 quid
281 1094 382 1148 Caesar
404 1110 501 1159 meus3
525 1110 592 1162 quos
617 1110 696 1162 sporo
724 1093 802 1148 brevi
829 1098 955 1164 tempore

100 1171 231 1225 societate
242 1169 372 1224 victoriae
384 1173 476 1224 teeum
488 1168 629 1237 eopulatos
645 1170 710 1223 iore.
746 1169 893 1238 Reliquum
910 1174 956 1226 est

100 1251 132 1301 ut
144 1246 180 1300 de
192 1262 235 1300 me
247 1245 278 1298 id
290 1245 407 1300 scribam
419 1244 494 1313 quod
506 1249 535 1298 te
546 1261 582 1298 ex
599 1248 709 1298 tuorum
725 1245 813 1299 literis
829 1249 858 1299 ot
873 1263 954 1315 spero

100 1328 130 1377 et
141 1322 213 1376 malo
229 1338 399 1390 cognoseore‚
416 1337 461 1374 me
479 1337 569 1389 neque
590 1320 686 1376 deesse
706 1320 762 1374 ulla
772 1320 802 1374 in
818 1337 849 1376 re
864 1337 954 1390 neque

100 1414 230 1467 nunquam
242 1398 401 1459 defutmum
413 1395 543 1464 dignitati
555 1399 627 1450 tuae.

305 1529 344 1576 ia.
379 1505 504 1574 omna
520 1525 692 1573 oionaonu
709 1525 734 1576 S.

368 1609 403 1668 (x.
417 1608 456 1654 30.
492 1617 518 1652 a,
532 1617 555 1652 o.
570 1617 590 1653 o.
609 1605 675 1665 711.)

99 1701 187 1775 [aa]
198 1717 268 1757 ml.
279 1700 396 1756 Kaleml
405 1701 500 1764 Maias,
509 1717 564 1770 quo
577 1701 622 1755 die
637 1700 724 1755 Pansa
735 1701 763 1753 in
776 1699 873 1755 castris
888 1700 953 1755 Hir-

100 1781 133 1834 tii
151 1783 211 1834 erat
227 1779 336 1832 futurus
359 1792 421 1830 eum
445 1793 500 1844 quo
524 1793 576 1843 ego
600 1793 771 1830 emin—nam
796 1777 821 1831 ei
846 1776 952 1831 obviam

101 1870 286 1924 processeram
318 1851 404 1904 millia
432 1868 560 1919 passuum
593 1856 711 1917 eentum,
739 1869 794 1920 quo
821 1853 953 1907 maturius

102 1927 380 1985 veniret—Antonius
398 1927 520 1993 legiones
537 1926 634 1982 eduxit
661 1927 737 1991 duas,
754 1928 900 1981 secundam
923 1932 953 1982 et

101 2006 225 2075 quintam
237 2002 411 2067 tricesimam,
425 2006 454 2056 et
473 2002 599 2057 cohortes
612 2003 762 2072 praetorias
775 2005 850 2072 diras,
872 2020 953 2059 unam

101 2098 186 2149 suam,
211 2080 326 2140 alteram
359 2078 451 2144 Silam,
477 2078 529 2147 [et]
554 2084 727 2133 evocatorum
758 2084 873 2149 partem.
909 2081 954 2135 lta

101 2158 209 2213 obviam
220 2155 295 2211 venit
307 2156 392 2223 nobis,
408 2154 484 2224 quod
500 2171 551 2209 nos
568 2159 686 2225 quatuor
700 2156 821 2223 legiones
834 2158 952 2212 tironum

101 2234 203 2288 habere
216 2233 303 2287 solum
315 2232 508 2286 arbitrabatur.
527 2232 584 2287 Sed
596 2236 685 2295 noctu,
698 2249 753 2301 quo
763 2234 850 2287 tutius
862 2233 953 2288 venire

101 2312 131 2365 in
146 2315 236 2365 eastra
248 2325 397 2378 possemus,
413 2308 547 2376 legionem
561 2308 690 2361 Martiam
704 2308 746 2361 eui
766 2324 816 2376 ego
828 2325 954 2377 praeesse

102 2388 230 2455 solebam,
249 2391 279 2441 et
295 2387 364 2441 duas
385 2387 510 2445 eohortes
531 2383 684 2453 praetorias
707 2384 820 2437 miserat
845 2385 953 2439 Hirtius

102 2464 187 2519 nobis
223 2465 313 2529 Quum
336 2463 443 2531 equites
463 2462 579 2516 Antonii
599 2462 797 2529 apparuissent,
821 2460 954 2515 contineri

103 2557 192 2609 neque
203 2539 275 2607 legio
287 2539 389 2593 Martia
400 2554 490 2604 neque
501 2537 627 2591 eohortes
639 2536 792 2604 praetoriae
798 2539 953 2605 potuertmt,

103 2633 171 2685 quas
188 2616 266 2682 sequi
286 2614 423 2683 coepimus
441 2615 534 2680 eoacti,
557 2614 684 2683 quoniam
703 2613 824 2669 retinere
839 2628 886 2666 eas
902 2628 953 2666 non

102 2695 284 2760 potueramus
320 2690 458 2744 Antonius
470 2691 506 2745 ad
519 2690 620 2743 Forum
634 2689 774 2743 Gallorum
787 2705 849 2742 suas
864 2688 955 2757 copias

103 2765 277 2830 eontinebat3
287 2782 378 2834 neque
391 2766 452 2818 seiri
465 2766 574 2820 volebat
586 2782 616 2819 se
632 2765 751 2834 legiones
764 2763 881 2818 lmbere:
896 2768 955 2817 tan-

104 2847 163 2895 tum
175 2841 329 2908 equitatum
342 2843 371 2892 et
385 2840 473 2893 levem
488 2845 655 2896 armaturam
670 2840 841 2894 ostendebat.
879 2840 955 2893 Po'st

104 2931 219 2984 eaquam
239 2914 310 2969 vidit
330 2929 360 2965 se
378 2914 464 2967 invito
483 2914 618 2984 legionem
640 2915 681 2970 ire
706 2916 802 2983 Pansa,
826 2914 902 2983 sequi
927 2930 956 2967 se

104 2990 173 3044 duas
192 2990 314 3056 legiones
338 2987 433 3055 Jussin
447 2990 574 3045 tironum
611 2989 793 3057 Posteaquam
818 2988 956 3056 angustias

103 3064 212 3133 paludis
233 3067 262 3116 et
283 3063 412 3125 silvarum
436 3066 600 3132 transimus,
624 3066 696 3119 aeies
720 3068 763 3118 est
783 3065 918 3117 instructa
940 3080 957 3116 a

104 3138 183 3193 nobis
195 3137 339 3191 duodecim
350 3137 511 3191 cohortium.
546 3138 677 3205 Nondum
688 3142 820 3193 venerant
835 3138 957 3205 legiones
