2250 3450
390 143 480 192 CATO
498 141 631 188 MAJOR.
665 139 743 186 cAP.
762 138 810 186 IV.
829 137 862 186 V.
1026 139 1042 185 5

194 223 351 280 consularis.
387 223 438 276 Est
455 221 483 274 in
500 219 627 274 manibus
642 219 773 287 laudatio,
786 235 868 287 quam
880 234 966 287 quum
977 217 1044 285 legi-

193 317 262 368 mus,
277 315 360 368 quem
377 296 568 366 philosophum
583 312 639 350 non
657 295 872 350 contemnimusl
907 293 967 346 Nec
978 309 1044 346 vero

193 374 241 429 ille
258 376 286 428 iu
306 374 366 427 luce
386 371 467 426 modo
484 373 568 441 atque
586 372 615 425 in
634 370 719 425 oculis
733 370 832 424 civium
852 385 974 438 magnus,
994 368 1043 422 sed

192 451 268 507 intus
289 449 418 516 domique
437 447 630 519 praestantior.
666 447 719 512 Qui
743 449 847 500 sermo!
874 461 945 514 quac
966 461 1044 513 prae-

194 529 288 595 cepta!
309 527 412 593 quanta
428 523 528 578 notitia
545 522 734 591 antiquitatis!
754 538 826 590 quae
843 519 958 574 scientia
970 519 1043 588 juris

194 602 314 670 augurii!
352 599 458 654 Multae
472 599 556 654 etiam
572 602 605 653 ut
621 598 650 651 in
667 598 777 652 homine
790 595 914 650 Romano
925 595 1043 650 litterae.

194 676 292 731 Omnia
303 676 435 730 memoria
443 675 566 742 tenebat,
576 691 629 728 non
639 673 790 727 domestica
799 672 887 726 solum
898 670 948 725 md
959 670 1043 726 otiam

194 757 308 806 externa
318 751 399 805 bella.
435 749 521 818 eujus
538 766 663 804 sermone
680 749 721 804 ita
738 752 797 802 tum
814 746 914 816 cupide
929 745 1044 800 fruebar

194 829 271 896 quasi
278 828 338 896 jam
351 826 510 895 divinarem,
528 827 558 880 id
576 826 651 896 quod
662 826 763 892 evenit,
775 825 822 878 illo
834 823 972 878 exstincto
983 823 1043 877 fore

193 902 268 957 unde
280 903 413 957 discerem
424 903 569 958 neminem.

246 978 280 1033 V.
307 983 346 1033 13.
372 978 507 1044 Quorsum
518 979 604 1048 igitur
614 977 682 1032 haec
694 979 752 1030 tom
760 975 847 1030 multa
858 974 895 1029 de
904 974 1042 1029 Maximol

195 1054 264 1119 Quia
282 1055 404 1123 profecto
420 1054 522 1108 videtis
538 1055 616 1108 nefas
634 1070 694 1108 csse
713 1051 789 1106 dictu
809 1052 936 1105 miseram
957 1050 1042 1104 fuisse

193 1129 277 1184 talem
293 1134 473 1194 senectutem
494 1148 546 1187 nec
574 1134 669 1195 tamn
680 1144 774 1182 omnes
787 1130 902 1195 possunt
913 1142 974 1180 esse
985 1125 1043 1180 Sci-

193 1205 287 1274 piones
303 1209 352 1259 aut
364 1206 478 1259 Maximi
494 1210 527 1259 ιιι
543 1204 652 1258 urbium
667 1203 890 1271 expugnationes,
902 1205 935 1255 ιιι
946 1201 1043 1270 pedes

194 1283 252 1335 tres
264 1281 406 1336 navolosve
417 1296 536 1349 pugnas,-
542 1283 575 1333 ut
588 1278 662 1332 bella
675 1293 693 1331 a
703 1294 734 1332 se
744 1279 830 1345 gesta,
842 1280 875 1330 ut
889 1276 1042 1345 triumphos

194 1355 380 1417 recordentur.
417 1355 468 1408 Est
490 1354 573 1407 etiam
592 1353 686 1422 quiete
707 1354 737 1406 et
759 1369 828 1419 pure
851 1354 881 1405 et
903 1351 1042 1418 eleganter

195 1433 274 1482 actae
291 1430 391 1482 aetatis
408 1427 515 1496 placida
530 1445 562 1481 ac
580 1427 648 1481 lenis
666 1430 799 1493 senectus,
814 1427 923 1496 qualem
940 1427 1043 1496 accepi-

196 1519 257 1557 mus
274 1503 395 1556 Platonis
412 1503 459 1571 qui
477 1519 532 1556 uno
550 1506 580 1556 et
596 1502 762 1571 octogesimo
777 1519 847 1556 anno
863 1502 983 1556 scribens
998 1506 1042 1557 est

196 1583 334 1644 mortuus;
352 1577 461 1647 qualem
480 1578 609 1633 Isocratis
627 1579 674 1647 qui
692 1595 755 1632 eum
772 1577 873 1632 librom
890 1579 938 1647 qui
957 1579 1042 1633 Paua-

196 1654 337 1710 theuaicus
353 1653 511 1707 inscribitur
524 1659 624 1724 quarto
639 1658 669 1708 et
684 1655 858 1722 nonagesimo
873 1671 943 1708 anno
958 1656 1043 1725 scrip-

196 1732 263 1785 sisse
288 1747 318 1784 se
342 1730 416 1797 dicit,
441 1730 564 1800 vixitque
588 1731 802 1800 quinquennium
825 1735 922 1800 postea
929 1752 936 1797 ;
964 1732 1042 1801 cujus

195 1807 326 1875 magister
340 1806 488 1861 Leontinus
505 1807 621 1875 Gorgias
635 1810 744 1861 centum
759 1809 788 1861 et
802 1811 909 1878 septem
926 1809 1043 1877 comple·

197 1884 235 1937 vit
248 1898 334 1937 annos
347 1898 438 1951 neque
449 1899 571 1951 unquam
585 1883 613 1936 in
628 1900 676 1937 suo
690 1883 783 1937 studio
796 1886 881 1951 atque
893 1900 975 1952 opere
986 1900 1044 1937 ces·

196 1958 284 2031 savit.¹
311 1956 370 2025 Qui,
386 1975 476 2026 quum.
485 1974 520 2011 ex
535 1976 567 2012 eo
583 1962 762 2027 quaereretur
775 1976 825 2013 cur
838 1959 946 2014 tamdiu
961 1959 1045 2013 vellet

196 2051 256 2089 csse
273 2034 301 2087 in
318 2034 383 2100 rita,
401 2034 468 2088 nihil
485 2033 581 2103 habeo,
600 2036 697 2105 inquit,
715 2036 789 2103 quod
807 2051 933 2089 accusem
954 2052 1044 2089 senec

196 2113 295 2164 tutem.
333 2115 372 2163 14.
403 2110 578 2164 Praeclarum
598 2127 758 2179 responsum
779 2114 810 2165 et
832 2111 912 2166 docto
935 2110 1045 2165 homine

197 2186 317 2254 dignum.
352 2186 407 2240 Sua
422 2186 494 2239 enim
506 2186 575 2240 uitia
589 2186 748 2256 insipientes
764 2190 793 2241 et
810 2204 886 2241 suam
898 2186 1005 2255 colpam
1016 2187 1045 2239 in

197 2264 366 2317 senectutem
378 2262 536 2327 conferunt3
555 2262 630 2330 quod
640 2278 695 2315 non
709 2261 827 2316 faciebat
838 2263 863 2315 is
874 2261 953 2331 cujus
964 2261 1046 2315 modo
1076 2297 1079 2301 -

196 2338 362 2392 mentionem
373 2337 426 2391 feci
439 2337 555 2392 Ennius:

296 2422 366 2469 Sicut
376 2421 448 2468 fortis
459 2436 545 2482 equus,
560 2422 641 2484 spatio
651 2422 695 2483 qui
707 2436 778 2483 saepe
789 2436 905 2483 supremo

294 2484 365 2532 Vicit
376 2484 498 2547 Olympia,
511 2500 579 2546 nunc
590 2486 658 2533 senio
669 2484 791 2533 confectu’
802 2485 914 2548 quiescit.

198 2568 269 2639 Equi
284 2568 363 2623 fortis
377 2571 407 2621 ot
420 2568 531 2623 victoris
547 2569 683 2623 senectuti
697 2572 838 2639 comparat
856 2586 941 2626 suam.
959 2573 1045 2639 Quem

198 2644 311 2715 quidem
325 2643 411 2714 probe
425 2644 581 2699 meminisse
594 2644 720 2715 potestis.
756 2646 837 2699 Anno
849 2646 922 2699 enim
935 2645 1046 2701 undevi-

198 2721 299 2775 cesimo
316 2723 380 2790 post
398 2718 458 2787 ejus
476 2724 592 2775 mortem
610 2720 639 2774 hi
656 2720 779 2775 consules
793 2721 822 2775 Τ.
835 2721 1004 2775 Flamininus
1019 2724 1048 2774 ct

199 2796 244 2851 M’.
257 2794 442 2850 Aciliusfacti
460 2799 538 2861 suut3
556 2797 603 2850 ille
618 2800 711 2851 autem
727 2796 863 2867 Caepione
877 2800 907 2851 et
921 2796 1048 2866 Philippo

198 2869 299 2923 iterum
311 2869 467 2924 consulibus
481 2874 605 2925 mortuus
617 2874 674 2925 est:
693 2887 779 2940 quum
793 2890 844 2941 ego
858 2872 971 2942 quidem
982 2887 1002 2925 v
1019 2873 1048 2923 et

200 2961 236 3000 nx
256 2963 341 3000 annos
359 2950 440 3001 uatus
457 2947 546 3015 legem
558 2946 707 3000 Voconiam
724 2964 823 3017 magna
841 2964 906 3002 voce
924 2950 953 3000 et
969 2945 1049 2999 bonis

200 3020 333 3076 lateribus
351 3023 503 3078 suasissem.
541 3025 638 3076 Annos
655 3038 712 3077 uxx
730 3028 819 3091 natus,
833 3026 876 3076 tot
894 3023 966 3075 enim
980 3019 1049 3072 vixit

202 3096 312 3180 liumus,-
330 3096 370 3151 ita
389 3098 499 3152 ferebat
517 3098 572 3151 duo
589 3114 661 3165 quae
678 3099 797 3151 maxima
816 3099 949 3166 putantur
966 3110 1049 3146 onera
1111 3101 1112 3104 ’

200 3156 391 3242 paupertatem
407 3176 437 3227 et
452 3175 631 3240 senectutem,
641 3172 705 3225 ιιι
687 3187 721 3224 us
734 3186 822 3240 paene
835 3166 965 3223 delectari
976 3166 1050 3223 ride-
1111 3230 1113 3234 .
