2250 3450
95 122 128 174 44
323 117 361 167 M.
380 115 508 168 TULLII
525 115 714 165 CICERONIS

94 203 161 272 disi,
182 201 281 271 siqua
301 197 464 268 significatio
484 195 596 250 virtutis
618 197 725 252 eluceat
747 197 785 252 ad
807 213 890 268 quam
913 215 944 258 se

94 279 189 333 similis
200 279 309 332 animus
322 274 441 344 applicet
457 276 486 327 et
500 272 640 342 adjungat,
656 273 687 326 id
703 290 788 342 quum
801 274 943 344 contingit,

94 371 170 408 amer
183 354 322 408 exoriatur
333 366 450 404 necesse
457 352 507 403 est.
542 355 584 402 49.
602 348 675 412 Quid
687 350 760 402 enim
776 353 833 404 tam
849 349 944 410 absur-¹

87 427 160 483 alum
179 445 260 498 qnam
278 425 411 481 delectari
426 424 520 478 multis
536 423 664 478 inanibus
680 424 770 490 rebus,
786 428 818 481 ut
832 425 943 493 honore,

94 508 127 558 ut
148 504 242 573 gloria,
266 507 299 557 ut
321 501 452 569 aedificio,
476 505 509 555 ut
531 500 636 555 vestitu
659 500 789 570 cultuque
814 503 942 571 eorporis,

94 581 184 634 anime
198 584 291 634 autem
308 580 410 633 virtute
423 577 551 647 praedite
566 593 598 631 eo
613 577 661 646 qui
674 578 718 632 uel
731 594 830 645 amare,
845 579 895 647 vel,
910 582 943 634 nt

93 657 135 710 ita
155 656 250 725 dicam,
271 657 414 710 redamare
435 653 529 723 possit,
550 670 605 707 non
623 653 771 708 admodum
792 654 942 710 delectarit

94 731 170 786 Nihil
183 736 226 786 est
238 731 311 786 enim
323 730 541 784 remuneratione
553 729 766 797 benevolentiae,
780 730 848 784 nihil
863 731 942 786 vicis-

94 806 216 862 situdine
228 807 382 861 studiorum
396 806 601 874 officiorumque
609 805 766 874 jucundius
801 813 842 860 50.
861 806 939 871 Quod

93 883 117 936 si
125 884 194 939 illud
203 886 287 941 etiam
299 883 434 951 addimus,
445 883 519 952 qued
529 887 606 937 reete
614 883 680 936 eddi
691 886 791 951 petest,
799 884 866 937 nihil
880 901 941 938 esse

93 960 168 1029 qued
179 962 215 1014 ad
231 978 261 1015 se
273 977 332 1015 rem
344 960 427 1014 ullam
441 963 498 1013 tam
508 959 610 1013 afliciat
622 963 651 1013 et
659 962 717 1013 tam
724 959 847 1014 attrahat
859 977 940 1029 quam

94 1035 131 1089 ad
137 1036 284 1091 amicitiam
296 1034 453 1101 similitudo,
459 1035 626 1089 concedetur
637 1036 759 1102 proiecto
771 1053 867 1090 verum
880 1053 941 1092 esse

92 1111 215 1166 utbonos
224 1111 627 1180 benidiligantadsciseantque
636 1110 688 1166 sibi
697 1112 774 1180 quasi
783 1112 941 1181 propinqui-

92 1191 151 1242 tate
166 1187 326 1256 conjunctas
338 1191 421 1257 atque
433 1191 536 1242 natura
574 1187 650 1241 Nihil
666 1192 710 1241 est
725 1188 798 1244 enim
810 1192 941 1255 appeten·
1037 1194 1042 1202 '

93 1263 149 1316 tius
160 1262 289 1317 similium
304 1264 354 1331 sui,
370 1263 438 1316 nihil
452 1262 586 1331 rapacius,
603 1280 684 1331 quam
701 1266 805 1317 natura.
841 1264 941 1329 Quam-

93 1338 187 1394 obrem
199 1340 250 1394 hcc
261 1341 381 1410 quidem,
392 1339 478 1393 Fanni
488 1343 517 1394 et
527 1339 663 1406 Scaevola
673 1342 788 1406 constat,
798 1342 829 1393 ut
838 1340 940 1408 opiner,

92 1413 171 1469 bonis
181 1415 254 1470 inter
265 1417 350 1470 bonos
362 1415 439 1484 quasi
454 1415 635 1470 neeessariam
651 1414 877 1482 benevolentiam,
892 1416 941 1486 qui

92 1495 136 1545 est
155 1492 292 1546 amicitiae
314 1493 375 1547 iens
398 1509 415 1546 a
437 1495 536 1546 natura
559 1491 732 1546 constitutus.
767 1491 823 1546 Sed
842 1493 940 1547 eadem

92 1568 199 1622 bonitas
211 1568 294 1623 etiam
306 1569 343 1622 ad
354 1567 559 1623 multitudinem
572 1568 699 1636 pertinet
734 1567 760 1620 N
762 1584 796 1621 en
811 1572 855 1622 est
868 1569 940 1623 enim

92 1642 238 1698 inhumana
254 1645 343 1699 virtus
360 1662 450 1713 neque
468 1643 596 1698 immunis
613 1660 703 1713 neque
724 1643 849 1713 superba,
869 1661 944 1712 quae·

92 1719 176 1773 etiam
191 1719 305 1789 populos
321 1721 461 1775 universes
477 1719 550 1774 tueri
568 1719 662 1790 eisque
680 1720 783 1789 optime
800 1720 940 1776 consulere

92 1796 179 1850 soleat
189 1818 196 1863 ;
215 1796 289 1864 quod
306 1797 480 1851 nominem-et
495 1795 627 1865 prefecto,
649 1796 672 1849 si
693 1812 710 1849 a
729 1796 845 1851 caritate
865 1797 939 1865 vulgi

92 1870 257 1926 abhorreret.
292 1878 332 1925 51.
351 1873 447 1939 Atque
458 1872 542 1926 etiam
553 1871 620 1925 mihi
632 1871 745 1941 quidem
755 1871 883 1946 videntne
891 1872 940 1942 qui

91 1946 219 2001 utilitatis
234 1964 315 2001 causa
329 1948 436 2016 lingunt
449 1947 583 2001 amicitias
599 1947 822 2001 amabilissimum
837 1947 940 2003 nedum

91 2022 227 2077 amicitiae
250 2023 354 2077 tollere.
390 2024 453 2077 Non
476 2024 549 2077 enim
572 2027 630 2077 tam
654 2023 759 2078 utilitas
784 2027 864 2092 parta
888 2040 940 2093 per

90 2098 206 2152 amicum
219 2115 301 2167 quam
310 2098 389 2152 amici
399 2114 475 2153 antor
484 2099 543 2167 ipse
552 2098 688 2165 delectat;
699 2103 813 2169 tumque
821 2099 889 2153 illud
899 2100 938 2167 lit,

91 2174 166 2243 qued
176 2172 211 2227 ab
224 2174 310 2228 amieo
322 2178 365 2228 est
378 2174 540 2245 prefectum,
549 2174 712 2243 jucundum,
729 2174 752 2228 si
768 2192 830 2229 eum
846 2175 939 2229 studio

90 2254 133 2304 est
149 2250 318 2318 prefectum:
337 2254 499 2320 tantumque
520 2251 600 2305 abest
619 2255 651 2305 ut
670 2250 805 2305 amicitiae
824 2255 940 2319 prepter
999 2260 1001 2263 ‘

90 2326 267 2393 indigentiam
279 2327 409 2394 colantur,
422 2330 454 2381 ut
465 2327 485 2380 ii
497 2328 543 2396 qui
556 2327 653 2395 opibus
669 2331 698 2381 et
712 2326 797 2395 copiis
810 2327 939 2381 maxime-

90 2412 144 2470 que
164 2402 267 2458 virtute
287 2403 413 2471 praediti,
433 2403 462 2457 in
486 2420 540 2473 qua
564 2404 710 2472 plurimum
735 2406 778 2457 eet
799 2403 938 2472 pxaesidii,

89 2477 201 2532 minime
222 2479 335 2533 alterius
358 2479 507 2549 indigeant,
527 2478 710 2533 liberalissimi
731 2478 787 2533 sint
807 2482 837 2533 et
855 2478 939 2533 bene-

89 2554 264 2610 ficentissimi.
302 2558 396 2625 Atque
414 2556 488 2609 haud
506 2557 560 2610 scic
579 2573 613 2609 an
630 2573 666 2609 ne
683 2572 751 2623 epm
769 2556 806 2609 sit
827 2555 938 2623 quidem

89 2630 156 2684 nihil
170 2646 290 2699 unquam
306 2632 415 2685 omnine
433 2632 529 2686 deesse
546 2632 648 2686 amicis.
684 2630 740 2684 Ubi
758 2631 829 2684 enim
848 2632 939 2684 studia

89 2709 183 2759 nostra
196 2707 353 2774 viguissent,
368 2707 391 2760 si
407 2724 546 2775 nunquam
562 2708 683 2772 consilio,
699 2722 839 2774 nunquam
856 2723 939 2774 opera

89 2785 183 2835 nostra
193 2781 746 2850 necdomineemilitiaeScipieeguissetl
781 2780 843 2833 Non
853 2780 939 2848 igitur

89 2856 237 2911 utilitatem
248 2857 375 2925 amicitia,
389 2858 438 2912 sed
449 2858 555 2911 utilitas
566 2858 713 2911 amicitiam
725 2859 870 2910 consecuta
881 2860 932 2911 est

142 2932 204 2985 XV.
226 2938 267 2984 52.
285 2932 347 2983 Non
360 2949 425 3000 ergo
438 2936 519 2986 erunt
530 2933 654 2987 homines
666 2932 770 2987 deliciis
782 2931 938 2987 diffluentes

89 3006 226 3071 audiendi,
250 3006 273 3059 si
296 3008 405 3075 quando
429 3008 465 3061 de
487 3008 607 3061 amicitia
629 3025 712 3078 quam
735 3024 786 3060 nec
810 3024 863 3061 usu
886 3024 938 3062 nce

88 3082 196 3136 ratione
213 3081 316 3135 habent
333 3082 469 3148 cognitam
490 3083 678 3150 disputabunt.
712 3083 785 3136 Nam
806 3082 866 3150 quis
887 3087 937 3150 est,
1016 3106 1031 3129 ι

89 3173 139 3224 pre
157 3157 238 3209 deum
257 3156 339 3207 iidem
365 3160 450 3224 atque
467 3158 615 3226 hominum,
633 3158 680 3228 qui
701 3158 775 3224 velit,
795 3161 829 3211 ut
848 3176 938 3227 neque

1099 253 1118 307 'l
