2250 3450
108 148 141 198 ss
336 143 378 194 no.
395 140 522 195 ructu
543 101 736 191 mannonis

109 225 183 282 nullo
194 225 254 280 loco
263 222 435 279 excluditur:
451 235 591 290 nunquam
608 216 807 286 intempestiva,
823 223 962 284 nunquam

109 298 224 350 molesta
242 299 301 349 est:
318 295 411 360 itaque
429 309 482 346 non
500 308 579 360 aqua,
596 307 650 344 non
667 290 732 358 igni,
749 294 782 343 ut
799 289 883 355 aiunt,
895 289 962 345 locis

107 371 239 441 pluribus¹
255 371 359 425 utimur
380 385 462 436 quam
484 367 612 422 amicitia
646 365 745 434 Neque
768 379 820 432 ego
836 380 909 417 nuno
926 363 962 421 de

109 447 211 516 vulgari
223 448 272 500 aut
283 444 319 498 de
330 441 469 511 mediocri
481 458 552 510 quae
565 445 659 495 tamon
675 440 736 509 ipsa
754 443 785 496 et
799 440 920 496 delectat
931 446 962 498 et

107 522 228 592 prodest,
253 519 303 574 sed
321 519 357 573 dc
374 534 440 572 vera
452 521 486 585 „ct
497 517 620 586 perfecta
637 517 734 585 loquor
755 517 844 586 qualis
865 535 960 574 eorum

107 599 154 666 qni
182 597 260 667 pauci
285 595 459 650 nominantur
485 594 544 648 luit.
598 592 670 646 Nam
698 596 728 647 et
755 593 888 648 secundas
914 611 961 650 res

108 672 306 742 splendidiores
322 671 390 725 iacit
408 669 535 739 amicitia,
554 672 584 724 et
598 668 730 724 advenas
748 668 871 737 mens
888 687 961 724 oom-

106 746 435 817 municansqueleviores.
628 740 633 746 '
679 802 710 831 ..,

163 824 231 878 VII.
258 829 299 877 23.
327 823 472 890 Quumque
488 821 621 890 plurimas
638 823 668 876 et
690 820 960 877 maximasccmmo-

107 895 210 955 ditatas
230 895 349 953 amicitia
367 899 512 965 contineat,
532 901 593 952 tum
614 896 662 951 illa
684 897 816 952 nimirum
835 902 960 968 praestat

106 975 233 1028 omnibus
254 974 335 1044 quod
358 973 431 1027 bona
454 989 502 1042 spe
525 973 666 1042 praelucet
688 972 718 1027 in
740 976 881 1043 posterum
908 976 960 1030 nec

107 1049 245 1105 debilitari
268 1049 377 1104 animos
401 1051 450 1103 aut
471 1049 569 1103 cadere
592 1049 704 1118 patitur.
753 1050 857 1104 Verum
886 1051 959 1105 enim

107 1126 225 1180 amicum
241 1125 289 1194 qui
310 1125 442 1193 intuetur,
467 1128 607 1193 tamquam
627 1125 770 1194 exemplar
791 1126 903 1196 aliquod
920 1127 960 1180 in·

106 1203 201 1256 tuetur
220 1201 269 1256 sui.
305 1200 437 1267 Quocirca
460 1204 490 1255 et
512 1200 640 1262 abst
667 1201 769 1256 adsum
792 1206 823 1256 et
846 1206 960 1270 egentes

106 1274 247 1331 abundent
263 1281 292 1333 et
310 1269 439 1332 imbecilli
456 1276 555 1343 valent,
574 1279 612 1343 et,
634 1276 710 1346 quod
728 1276 863 1331 difficilius
881 1279 959 1334 dictu

106 1355 156 1419 cst,
164 1353 265 1407 mortui
276 1353 388 1419 vimmt3
405 1355 500 1407 tantus
518 1368 565 1406 eos
582 1351 675 1422 honos,
693 1353 832 1422 memoria,
850 1353 958 1409 deside-

106 1429 177 1483 rium
204 1429 381 1499 prosequitur
404 1429 559 1483 amicorum.
597 1429 641 1482 Ex
665 1444 720 1496 quo
745 1428 854 1484 illorum
876 1430 959 1486 beata

105 1521 178 1580 mors
188 1504 307 1574 videtur,
319 1504 416 1559 horum
432 1506 490 1560 rita
501 1504 653 1559 laudabilis.
688 1504 769 1570 Quod
784 1505 808 1559 si
822 1507 957 1561 cremeris

106 1597 139 1634 ex
170 1597 263 1635 rerum
295 1584 394 1635 natura
424 1580 629 1642 benevolentiae
656 1579 881 1650 conjunctionem,
906 1599 958 1637 noc

106 1655 203 1711 domus
225 1657 282 1711 ulla
305 1673 355 1712 neo
378 1655 444 1711 urbs
465 1661 539 1711 stare
560 1657 680 1727 poterit3
702 1672 737 1710 ne
760 1657 820 1727 agri
843 1659 955 1728 quidem

105 1733 197 1787 cultus
222 1734 400 1803 permanebit.
443 1733 479 1787 Id
497 1734 520 1787 si
545 1734 635 1786 minus
662 1733 832 1802 intelligitur,
853 1739 957 1804 quanta

106 1810 147 1863 vis
163 1810 298 1864 amicitiae
312 1808 527 1878 concordiaeque
542 1808 580 1863 sit
591 1825 627 1863 ex
639 1808 854 1863 dissensionibus
872 1815 959 1896 atquc

106 1882 250 1939 discordiis
265 1886 368 1955 percipi
385 1888 485 1955 potest.
522 1884 599 1950 Quae
618 1885 689 1938 enirn
709 1884 806 1939 (lomus
825 1889 882 1940 tarn
900 1892 955 1941 sta·

103 1960 177 2029 bilis,
191 1978 262 2031 quae
273 1966 330 2016 tarn
342 1962 422 2015 firma
438 1960 533 2015 civitas
549 1963 600 2027 cst,
620 1977 690 2030 quae
709 1977 764 2015 non
782 1961 852 2015 odiis
871 1966 954 2031 atque

105 2036 226 2092 discidiis
237 2036 363 2093 funditus
379 2036 466 2106 possit
480 2037 588 2092 evertit
607 2053 641 2091 ex
663 2053 717 2106 quo
739 2041 871 2107 qnantum
884 2038 955 2093 'boni

102 2113 139 2166 sit
165 2113 194 2167 in
223 2113 343 2168 amicitia
377 2112 497 2182 judicari
530 2116 629 2182 potest.
674 2119 715 2167 24.
741 2113 954 2183 Agrigentinum

101 2189 212 2258 quidem
233 2189 344 2245 doctum
369 2189 505 2260 quendam
530 2189 620 2243 virum
648 2188 813 2244 carminibus
841 2189 953 2246 Graecis

100 2265 274 2320 vaticinatum
287 2266 603 2334 ierunt,quaeinreru1n
612 2269 711 2321 natura
726 2269 841 2334 totoque
851 2268 953 2321 mundo
1019 2265 1023 2271 ’

100 2345 255 2397 constarent
278 2358 404 2412 quaeque
426 2345 610 2409 moverentur,
627 2359 661 2396 ea
677 2342 837 2397 contrahere
854 2342 953 2397 amici-

99 2417 173 2486 tiam,
189 2418 322 2487 dissipare
340 2418 510 2473 discordiam.
548 2419 643 2487 Atque
660 2418 711 2472 hoc
731 2417 844 2487 quidem
858 2435 953 2473 omnes

100 2495 228 2549 mortales
240 2498 269 2549 et
287 2494 444 2563 intelligunt
455 2499 484 2550 et
495 2512 527 2550 re
538 2495 666 2565 probant.
703 2495 802 2563 Itaque
811 2494 833 2547 si
843 2494 952 2563 quando

99 2569 211 2640 aliquod
223 2572 340 2626 officium
356 2572 466 2625 exstitit
478 2572 559 2625 amici·
569 2571 598 2624 in
609 2570 738 2639 periculis
751 2574 799 2624 aut
817 2570 953 2624 adeundis

99 2650 147 2700 aut
162 2648 399 2715 communicandis,
412 2648 474 2718 quis
491 2652 534 2702 cst
546 2648 596 2716 qui
607 2647 637 2700 id
648 2664 703 2700 non
743 2646 841 2699 animis
855 2647 952 2701 efferat

99 2722 247 2778 laudibusl
284 2724 338 2790 Qui
352 2724 484 2778 clamores
502 2726 562 2777 tota
580 2739 662 2775 cavea
679 2663 769 2789 nuber
786 2722 814 2773 in
835 2720 952 2789 hospitis

99 2800 129 2851 et
147 2798 227 2851 amici
240 2800 295 2853 mei
310 2800 348 2853 M.
361 2799 471 2853 Pacuvii
487 2813 557 2851 nova
572 2798 683 2862 fabula;
702 2813 788 2866 quum
808 2796 951 2864 ignorante

99 2890 165 2942 rege
185 2877 249 2928 uter
270 2870 386 2946 [eorum]
408 2877 483 2927 esset
502 2873 623 2942 Orestes,
637 2874 754 2943 Pylades
774 2873 901 2929 Orestem
908 2884 951 2928 ‘sa

99 2966 159 3004 esse
177 2948 291 3017 diceret,
303 2953 336 3003 ut
347 2965 398 3018 pro
416 2949 463 3002 illo
482 2953 645 3016 nocaretnr;
665 2951 779 3005 Orestes
797 2953 898 3018 autern,
910 2950 951 3004 ita

98 3028 130 3080 ut
151 3028 219 3093 erat,
239 3024 365 3079 Orestem
384 3041 414 3079 se
433 3041 494 3079 esse
512 3030 709 3093 perseveraret.
745 3026 858 3081 Stantes
874 3026 950 3095 plau·

99 3100 201 3156 debant
221 3101 249 3155 in
268 3118 299 3154 rc
318 3101 398 3155 ficta:
421 3100 489 3169 quid
511 3100 677 3156 arbitramur
700 3102 727 3156 in
746 3119 812 3157 vera
829 3103 950 3158 facturos

97 3176 202 3232 fuisset
238 3176 330 3233 Facile
341 3174 482 3232 indicabat
497 3176 557 3246 ipsa
570 3181 669 3234 natura
686 3179 742 3234 rim
759 3195 845 3248 suam,
864 3194 949 3249 quum
