2250 3450
387 170 440 218 AD
458 168 633 228 QUINTUM
650 167 834 217 FRATREM.
1000 172 1030 220 ⁶3

178 253 303 308 Allienus
315 255 407 306 autem
423 253 517 304 noster
532 252 577 304 est
592 265 678 318 quum
693 248 784 303 animo
796 252 826 303 et
840 247 1031 303 benevolentia

177 331 237 383 tum
252 344 316 382 vero
332 329 415 382 etiam
431 326 585 380 imitatione
600 325 717 379 vivendi.
753 326 826 379 Nam
843 325 911 394 quid
927 341 978 393 ego
994 325 1030 380 de

178 404 304 462 Gratidio
317 404 425 458 dicam?
443 421 525 473 quem
538 405 614 457 certo
626 403 681 455 scio
693 403 733 456 ita
745 402 869 456 laborare
886 402 921 455 de
937 403 1030 455 existi-

177 480 297 536 matione
309 496 358 532 sua
369 484 401 533 ut
412 482 526 547 propter
538 494 660 531 amorem
672 478 701 530 in
714 495 764 532 nos
778 478 931 531 fraternum
946 479 1030 542 etiam

178 555 213 610 de
225 559 319 609 nostra
330 555 444 609 laboret.
470 561 509 608 11.
522 554 700 618 Quaestorem
713 554 799 607 hebes
808 571 861 606 non
870 557 919 607 tuo
924 553 1030 622 judicio

178 631 314 686 delectum
331 631 381 684 sed
397 648 459 684 eum
476 647 557 700 quem
575 647 635 684 sors
653 630 738 685 dedit.
774 631 857 684 Hunc
874 633 984 698 oportet
1000 633 1031 685 et

177 725 227 762 sua
243 711 339 776 sponte
356 724 415 762 esse
433 707 614 775 moderatum,
633 712 662 761 et
679 707 735 761 tuis
752 707 888 760 institutis
905 724 937 761 ao
952 723 1031 776 prae·
1124 761 1125 764 ,

120 845 125 850 ,
177 784 264 862 ceptis
277 785 473 852 obtemperare.
510 785 631 849 Quorum
648 783 671 836 si
688 784 750 852 quis
765 784 838 838 forte
854 786 928 838 esset
944 783 1030 837 sordi·
1123 838 1124 853 ,

98 877 99 882 ¹
140 930 143 934 ἠ
178 861 246 928 dior,
263 861 349 915 ferres
367 866 479 916 eatenus
498 861 590 930 quoad
607 877 657 929 per
674 877 704 914 se
721 861 874 929 negligeret
891 877 937 914 eae
954 859 1030 928 leges
1123 870 1124 879 ¹

178 936 278 1005 quibus
296 941 369 992 esset
387 938 552 1004 adstrictus;
570 954 623 991 non
641 940 674 990 ut
691 953 725 990 ea
741 939 881 1005 potestate
899 953 980 1004 quam
997 938 1030 988 tu

178 1013 215 1066 ad
252 1013 418 1081 dignitatem
453 1014 624 1084 permisisses
653 1013 690 1066 ad
722 1016 865 1082 quaestum
897 1015 1030 1081 uteretur.

178 1089 276 1156 Neque
301 1091 372 1144 enim
396 1091 462 1144 mihi
487 1108 552 1145 sane
575 1090 673 1161 placet,
699 1089 862 1158 praesertim
889 1104 974 1156 quum
1001 1086 1030 1139 hi

177 1181 267 1219 mores
285 1170 393 1221 tantum
407 1167 467 1235 jam
486 1168 522 1220 ad
542 1167 654 1220 nimiam
675 1166 817 1220 lenitatem
838 1166 868 1218 et
888 1163 925 1216 ad
944 1162 1031 1216 ambi-

177 1241 279 1295 tionem
293 1243 475 1310 incubuerint,
490 1243 607 1296 scrutari
624 1245 653 1295 te
669 1258 764 1295 omnes
780 1239 883 1306 sordes,
900 1241 1030 1292 excutere

177 1333 261 1370 unum
274 1336 411 1388 quemque
429 1336 530 1386 eorum,
545 1318 595 1371 sed
607 1321 710 1386 quanta
726 1317 764 1370 sit
779 1316 808 1369 in
825 1332 936 1385 quoque
952 1314 1029 1381 fides,

101 1456 111 1464 ἡ
177 1396 286 1447 tantum
301 1395 400 1463 cuique
415 1395 594 1449 committere.
632 1395 728 1460 Atque
741 1393 814 1446 inter
828 1392 886 1459 hos,
901 1408 948 1444 eos
962 1407 1031 1459 quos

177 1468 230 1524 tibi
244 1470 357 1523 comites
372 1473 401 1523 et
418 1470 559 1539 adjutores
575 1469 747 1538 negotiorum
763 1467 933 1536 publicorum
950 1467 1031 1520 dedit

177 1542 237 1612 ipsa
255 1545 431 1612 respublica,
452 1547 596 1599 dumtaxat
614 1545 714 1598 finibus
735 1545 768 1598 iis
789 1544 940 1612 praestabis
961 1560 1030 1613 quos

178 1624 243 1674 ante
254 1621 422 1688 praescripsi.

232 1697 282 1751 IV.
304 1703 342 1751 12.
362 1697 436 1762 Quos
447 1711 513 1750 vero
525 1697 575 1751 aut
585 1711 621 1749 ex
632 1694 792 1749 domesticis
808 1694 1030 1762 convictionibus,

178 1777 226 1828 aut
238 1790 273 1827 ex
284 1774 444 1829 necessariis
455 1771 670 1843 apparitionibus
680 1774 771 1827 tecum
784 1788 843 1826 esse
855 1772 973 1838 voluisti,
984 1772 1032 1840 qui

178 1850 256 1918 quasi
272 1867 306 1903 ex
322 1851 433 1905 cohorte
449 1850 584 1919 praetoris
599 1848 731 1918 appellari
747 1849 844 1915 solent,
861 1848 958 1901 horum
976 1864 1031 1901 non

177 1926 258 1979 modo
278 1927 352 1981 iacta
372 1926 421 1981 sed
445 1926 528 1980 etiam
552 1924 627 1978 dicta
650 1925 740 1977 omnia
763 1924 929 1993 praestanda
951 1923 1031 1977 nobis

178 2005 248 2055 sunt.
284 2002 339 2056 Sed
352 2002 439 2056 habes
453 2018 499 2055 eos
513 2003 605 2054 tecum
620 2017 689 2068 quos
705 2001 792 2069 possis
809 2004 885 2054 recte
899 2000 1031 2054 iacientes

177 2077 256 2134 facile
278 2077 411 2145 diligere3
433 2077 523 2131 minus
546 2076 718 2130 consulentes
743 2077 939 2131 existimationi
965 2080 1030 2130 tuae

178 2153 303 2208 facillime
319 2170 461 2219 coercere;
479 2169 496 2206 a
513 2153 613 2221 quibus
630 2153 708 2206 rudis
726 2170 811 2222 quum
829 2170 903 2208 esses
920 2152 1031 2206 videtur

177 2230 300 2300 potuisse
315 2233 365 2284 tua
379 2229 529 2283 liberalitas
545 2229 650 2297 decipi:
666 2246 730 2282 nam
746 2230 910 2297 utquisque
927 2232 970 2282 est
988 2228 1031 2281 vir

178 2306 305 2373 optimus,
319 2306 359 2360 ita
374 2305 530 2359 difficillime
547 2322 608 2359 esse
620 2305 689 2357 alios
703 2306 843 2372 improbos
859 2305 1031 2372 suspicatur:

177 2397 250 2434 nunc
260 2398 325 2435 vero
337 2382 437 2435 tertius
448 2381 492 2433 hic
505 2398 592 2433 annus
603 2379 705 2433 habeat
716 2380 906 2447 integritatem
915 2379 1030 2433 eandem

179 2473 261 2524 quam
288 2457 448 2525 superiores,
475 2456 624 2510 cautiorem
654 2457 737 2510 etiam
766 2473 798 2510 ee
822 2456 1028 2523 diligentiorem.

180 2537 220 2585 13.
239 2532 299 2586 Sint
311 2549 391 2587 aures
403 2536 468 2586 tuae
485 2549 555 2600 quae
570 2532 600 2585 id
616 2532 691 2601 quod
706 2531 823 2601 audiunt
839 2532 1031 2586 existimentur

178 2606 282 2672 audire,
303 2624 356 2661 non
377 2608 405 2661 in
427 2625 495 2677 quas
516 2608 580 2663 fiete
601 2612 629 2662 et
650 2608 778 2663 simulate
798 2612 928 2678 quaestus
949 2625 1031 2663 causa

177 2681 370 2737 insusurretur.
395 2684 437 2739 Sit
453 2685 551 2739 ,anulus
570 2688 635 2739 tuus
656 2702 709 2738 non
729 2689 761 2740 ut
781 2702 829 2740 ves
849 2685 961 2756 aliquod
981 2686 1030 2739 sed

177 2760 319 2826 tamquam
337 2760 396 2829 ipse
412 2764 462 2827 tn;
479 2778 533 2815 non
550 2762 677 2816 minister
693 2762 797 2817 alienae
814 2762 963 2817 voluntatis
981 2762 1031 2815 sed

178 2835 257 2888 testis
269 2837 355 2901 tuae„
378 2840 516 2892 Ascensus
528 2838 564 2892 sit
582 2855 614 2892 eo
630 2856 744 2893 numero
760 2856 815 2907 quo
833 2853 895 2891 eum
912 2837 1030 2906 maiores

177 2911 264 2965 nostri
280 2929 339 2968 esse
354 2915 506 2983 voluerunt,
521 2914 569 2983 qni
583 2914 634 2968 hoc
649 2932 702 2968 non
718 2915 747 2967 in
762 2913 889 2982 beneficii
905 2913 964 2967 loco
982 2914 1031 2966 scd

176 2986 205 3041 in
229 2987 330 3043 laboris
354 3006 386 3044 ac
409 2991 530 3045 muneris
553 3007 607 3044 non
631 2994 737 3046 temere
759 2991 813 3045 nisi
840 2990 948 3045 libertis
974 2989 1031 3041 suis

178 3063 357 3133 deferebant;
382 3068 481 3136 quibus
504 3067 544 3120 illi
569 3067 680 3137 quidem
704 3085 758 3123 non
780 3067 868 3122 multo
895 3082 973 3120 secus
999 3080 1031 3116 ac

177 3140 263 3195 servis
274 3144 451 3213 imperabant.
483 3143 526 3199 Sit
537 3144 617 3198 lictor
628 3161 683 3198 non
695 3161 760 3199 snae
773 3145 822 3198 sed
833 3147 898 3197 tuae
909 3140 1031 3195 lenitatis

176 3220 334 3286 apponam
351 3219 511 3290 majoraque
528 3220 686 3289 praeferant
702 3220 790 3273 fasces
810 3218 851 3271 illi
870 3232 903 3270 ae
923 3231 1032 3270 secures
