2250 3450
350 112 619 195 nrlsTOLARUM
636 114 739 162 LIBRI
757 115 841 164 DUO.
999 120 1031 164 83

176 199 195 217 ⁶
248 232 288 278 aa
323 230 357 280 n.
377 229 521 284 neurus
540 229 617 280 rme.
638 229 706 278 cos.
726 228 867 279 nnsrcn.
887 229 912 279 s,
930 229 964 278 u.

511 312 690 361 crcuaour.

451 410 502 473 (ιι.
517 414 540 462 4.
574 426 600 461 n.
614 425 638 461 u.
653 425 674 460 c.
688 411 755 475 lla)

175 489 206 543 Si
218 490 254 543 de
265 493 314 543 tua
325 491 353 543 in
365 506 410 543 me
421 492 564 546 voluntate
577 493 740 560 dubitarem,
753 492 849 547 multis
865 510 882 548 a
898 496 927 548 te
939 492 1031 548 verbis

175 569 299 633 peterem
310 569 343 619 ut
355 567 518 634 dignitatem
530 585 619 622 meam
631 573 751 624 tuerere.
786 569 841 624 Sed
853 571 975 639 profecto
987 573 1031 623 est
1081 569 1084 572 ’

174 641 222 708 ita,
240 641 357 694 ut'mihi
376 644 506 712 persuasi,
526 661 571 698 me
590 645 647 700 tibi.
660 662 720 700 esse
740 662 829 700 curae.
866 646 1030 713 Progressus

175 718 283 796 eumad
297 719 435 786 Inalpinos
446 736 508 773 cum
521 722 651 789 exercitu,
665 739 718 775 non
731 725 790 774 tam
802 738 900 775 nomen
913 721 1030 790 impera-

63 829 97 839 t·
174 796 276 849 torium
285 800 397 865 captans
406 814 488 866 quam
496 798 747 866 cupieusmilitibus
755 798 1030 865 satisfacerc,lirmos

174 889 229 941 que
247 891 295 927 eos
313 874 350 927 ad
368 874 486 928 tuendas
510 878 617 930 nostras
642 893 686 930 ros
711 875 826 929 efficere.
862 874 942 939 Quod
961 874 1028 927 mihi

173 950 269 1004 videor
280 957 455 1019 consecutus;
469 971 532 1007 nam
548 957 578 1008 et
590 954 783 1008 liberalitatem
795 948 915 1006 nostram
932 954 961 1005 et
973 952 1029 1004 ani-

148 1043 153 1052 *
172 1041 247 1080 mum
260 1032 324 1082 sunt
336 1031 451 1100 experti.
487 1031 556 1084 Cum
569 1032 688 1084 omnium
701 1029 914 1084 bellicosissimis
926 1028 1028 1092 bellum

172 1103 261 1170 gesan
287 1106 375 1182 multa
395 1108 508 1162 castella
528 1107 588 1175 cepi
595 1129 604 1172 v;
632 1107 719 1160 multa
738 1105 850 1160 vastavi.
885 1105 912 1159 N
914 1121 949 1158 on
970 1103 1028 1158 sinc

172 1195 254 1233 causa
268 1182 304 1235 ad
318 1186 444 1237 senatum
456 1184 552 1236 literas
563 1183 636 1237 misi.
673 1181 786 1250 Adjuva
798 1197 847 1235 nos
859 1178 908 1234 tua
920 1183 1028 1234 seuten-

172 1255 219 1323 tia‚
232 1258 305 1325 quod
325 1276 410 1328 quum
429 1260 519 1325 facies,
531 1275 567 1312 ex
584 1275 684 1326 magua
702 1261 782 1326 parte
803 1255 938 1310 communi
955 1272 1027 1309 com*

172 1332 253 1385 modo
265 1333 429 1387 inservieris.

220 1453 276 1512 dt.
311 1453 349 1502 M.
368 1453 495 1502 CICERO
512 1454 545 1504 D.
564 1453 684 1502 BRUTO
702 1453 770 1522 008„
789 1452 863 1502 DES.
883 1452 908 1502 S.
927 1452 960 1502 D.

449 1566 486 1603 xi.
515 1556 538 1602 5.
569 1565 676 1602 nuc„
703 1553 740 1600 11.

171 1628 232 1682 Etsi
245 1629 312 1683 mihi
324 1634 389 1685 tuae
401 1553 724 1699 litiraeljuouudissimiae
737 1551 809 1698 iuni,
821 1635 915 1685 tamen
926 1629 1025 1698 jucun·
1070 1616 1073 1621 ⁸

171 1705 234 1761 dius
245 1706 307 1775 fuit,
316 1706 390 1777 quod
399 1708 427 1761 in
437 1709 545 1762 summa
552 1707 729 1777 occupatione
739 1710 787 1761 tua
798 1707 897 1761 Planco
907 1707 1025 1776 collegae
1089 1734 1092 1739 ¹

170 1784 303 1839 mandasti
322 1789 355 1839 ut
371 1788 401 1838 te
419 1786 485 1838 mihi
503 1803 553 1855 per
571 1786 665 1839 literas
684 1789 843 1853 excusaret3
864 1784 939 1854 quod
959 1785 1024 1839 lecit

169 1861 215 1915 ille
228 1861 381 1929 diligenter.
411 1862 481 1915 Mihi
493 1868 586 1916 autem
598 1862 666 1915 nihil
678 1862 822 1915 amabilius
835 1861 922 1915 officio
933 1864 981 1927 tuo
995 1866 1023 1915 et

170 1937 319 2005 diligentia
355 1939 517 2007 Conjunetio
542 1944 591 1993 tua
614 1956 676 1993 curn
696 1939 806 2007 collega,
825 1938 1022 2007 concordiaque

132 2009 144 2028 ⁸
169 2018 261 2068 vestra
272 2032 343 2083 quae
354 2016 443 2069 literis
455 2016 642 2069 communibus
655 2015 794 2069 declarata
807 2019 857 2083 est,
870 2015 896 2068 S.
908 2014 938 2068 P.
946 2014 977 2078 Q.
989 2014 1021 2067 R.

168 2091 325 2157 gratissima
336 2093 443 2147 accidit.
474 2093 553 2157 Quod
569 2097 701 2161 superest,
718 2109 810 2162 perge,
827 2091 865 2144 mi
882 2091 978 2157 Brute,
992 2094 1021 2145 et

164 2166 224 2233 jam
236 2184 290 2230 uon
302 2184 364 2221 cum
375 2168 436 2221 aliis
448 2168 498 2221 sed
509 2171 601 2222 tecum
616 2170 675 2237 ipse
689 2172 771 2222 certa.
804 2168 886 2220 Plura
900 2166 1020 2221 scribere

167 2259 221 2295 nou
234 2243 329 2310 debeo,
341 2244 503 2314 pracsertim
516 2244 552 2296 ad
563 2246 594 2297 tc
606 2262 660 2312 quo
672 2244 804 2311 magistro
819 2243 963 2296 brevitatis
977 2244 1019 2296 uti

167 2321 264 2386 cogito.
301 2320 409 2373 literas
426 2323 489 2373 tuas
506 2319 683 2372 vehementer
701 2322 838 2387 exspecto,
856 2321 886 2371 et
906 2318 1019 2387 quidem

167 2395 237 2449 tales
248 2396 343 2464 quales
355 2396 473 2448 maxime
485 2398 556 2463 opto.

316 2518 356 2568 27.
390 2518 429 2567 ru.
447 2517 576 2566 cronno
596 2482 621 2567 s.
640 2517 674 2567 n.
692 2518 726 2567 o.
745 2518 872 2569 cnunc.

434 2618 534 2677 (x1.25.
570 2630 595 2665 A.
609 2629 634 2665 u.
647 2629 670 2666 o.
684 2615 751 2679 711.)

166 2697 344 2767 Exspectanti
368 2698 435 2752 mihi
458 2701 521 2751 tuas
545 2688 671 2767 quotidie
694 2697 789 2751 literas
811 2698 905 2767 Lupus
923 2702 1017 2756 noster

55 2769 60 2779 '
166 2775 257 2829 subito
278 2774 451 2829 denuntiavit
466 2777 499 2827 ut
517 2776 553 2827 ad
572 2776 601 2828 te
620 2773 775 2840 scriberem,
788 2774 812 2828 si
829 2775 896 2844 quid
912 2776 1017 2833 vellem.

166 2850 224 2919 Ego
235 2854 335 2917 autem,
347 2852 400 2905 etsi
412 2851 480 2920 quid
492 2850 640 2903 scriberem
653 2867 706 2903 nou
718 2849 859 2918 habebam,
869 2855 931 2906 acta
943 2854 1015 2907 cuim

164 2927 200 2980 ad
212 2931 242 2981 te
254 2928 328 2982 mitti
340 2928 466 2997 sciebam,
478 2928 586 2982 inanem
604 2926 696 2982 autem
710 2944 861 2982 sermonem
873 2928 1016 2983 literarum

163 3003 215 3058 tibi
227 3005 406 3074 injucundum
418 3022 478 3058 esse
490 3003 643 3073 audiebam,
655 3004 821 3059 brevitatem
834 3008 942 3059 secutus
956 3020 1015 3059 sum

115 3086 125 3102 ⁴²
163 3083 193 3135 te
201 3082 340 3151 magistro.
365 3082 439 3137 Scito
451 3082 536 3149 igitur
545 3082 573 3133 in
586 3084 615 3135 te
627 3081 696 3135 etin
708 3081 811 3149 collega
821 3096 896 3148 spem
907 3097 1014 3135 omnem

162 3173 230 3213 esse.
267 3159 311 3213 De
329 3159 417 3213 Bruto
435 3162 528 3212 autem
547 3157 614 3211 nihil
632 3157 723 3211 adhuc
745 3156 828 3211 certi:
853 3172 935 3225 quem
953 3171 1008 3223 ego
