2250 3450
320 179 412 230 CATO
428 177 563 227 Maton.
596 176 673 226 cnP.
691 175 754 224 XX.
771 173 855 225 XXI.
979 177 1011 226 25

161 263 213 320 bus
224 263 281 319 suis
291 261 437 318 obstruere
448 259 603 325 voluerumt,
621 273 675 311 non
693 273 773 310 arum
790 259 869 311 tuum
887 255 919 310 L.
931 256 1012 312 Panl-

93 336 96 346 '
161 341 218 394 lmu
231 339 279 408 qni
289 341 379 398 morte
390 336 441 390 luit
453 335 572 402 collegae
583 334 611 386 iu
624 332 759 387 Cannensi
769 332 919 400 ignominia
928 335 1013 388 teme-

162 416 282 482 ritatem,
294 429 348 466 non
361 412 400 466 M.
412 410 574 465 Marcellum
589 409 667 478 cujus
681 408 824 461 interitmn
836 425 871 463 no
883 408 1012 462 crudelis-

162 491 246 543 simus
265 488 377 560 quidem
397 486 483 541 hostis
503 485 606 539 honore
625 484 782 553 sepulturae
801 499 896 539 carere
915 501 1012 554 passus

161 569 212 633 est,
225 564 275 620 sed
286 564 409 633 legiones
424 565 538 630 nostras,
553 560 628 630 quod
637 560 734 630 scripsi
751 560 781 613 in
799 559 966 629 Originibus,
983 560 1011 614 in

159 657 224 694 eum
235 657 318 710 saepe
329 640 418 694 locum
429 639 566 708 profectos
577 636 659 691 alacri
675 635 766 690 animo
777 639 809 691 et
820 639 921 705 erecto,
936 637 1011 691 undo

160 733 191 770 se
202 733 341 786 nunquam
352 715 490 770 redituras
501 713 709 767 arbitrarentur.
746 711 827 777 Quod
842 713 929 782 igitur
946 712 1011 766 ado-

160 793 294 864 lescentes
317 795 347 846 et
369 791 520 860 liquidem
543 805 598 842 nou
621 787 710 843 solum
732 787 836 842 indocti
856 788 907 843 sed
927 788 1011 842 etiam

160 868 256 923 rustici
278 870 462 935 contemnunt,
481 866 511 920 id
528 864 603 920 docti
626 880 705 920 senes
725 864 925 920 extimescentl
968 867 1009 922 76.

161 944 284 1013 Omnino,
305 947 337 998 ut
356 944 421 997 mihi
442 942 554 1012 quidem
576 940 694 1006 ridetur,
715 940 869 995 studiorum
889 940 1010 994 omnium

158 1020 273 1075 satietas
293 1021 365 1074 vitae
386 1020 451 1074 facit
474 1019 641 1074 satietatem.
684 1017 755 1072 Sunt
776 1017 910 1086 pueritiae
934 1019 1011 1070 certa

159 1095 267 1152 studia:
285 1113 351 1150 num
368 1096 452 1164 igitur
470 1112 503 1150 ea
521 1094 681 1148 desiderant
698 1093 904 1148 adolescentes?
940 1092 1011 1147 Sunt

159 1172 277 1226 ineuntis
296 1171 510 1226 adolescentiae:
528 1187 594 1224 num
615 1185 649 1223 ea
668 1172 796 1224 constans
811 1168 872 1237 jam
892 1168 1010 1237 requirit

158 1251 236 1302 aetas
253 1264 324 1318 quae
341 1247 434 1302 media
450 1246 571 1300 diciturl
606 1245 677 1300 Sunt
694 1244 778 1298 etism
795 1243 877 1312 hujus
894 1244 1010 1298 aetatis:

41 1328 45 1340 '
159 1327 195 1377 'ne
212 1339 245 1386 ea
263 1323 376 1393 quidem
389 1320 599 1392 quaerunturin
612 1323 762 1375 senectute.
796 1320 867 1374 Sunt
885 1321 1011 1374 extrema

157 1398 295 1466 quaedam
312 1397 404 1452 studia
421 1396 586 1451 senectutis:
611 1411 678 1463 ergo
695 1398 728 1449 nt
745 1395 916 1463 superiorum
934 1398 1010 1448 aeta·

159 1476 220 1526 tum
249 1472 342 1527 studia
367 1471 503 1539 occidunt,
528 1471 568 1524 sic
591 1470 718 1526 occidunt
743 1471 827 1525 etiam
853 1471 1010 1525 senectutis.
1053 1467 1056 1470 ’

159 1548 242 1615 Quod
253 1565 337 1617 quum
349 1545 448 1616 evenit,
460 1545 574 1602 satietas
585 1545 658 1602 ritae
669 1549 778 1617 tempus
789 1549 928 1601 maturum
937 1563 1010 1601 mor-

160 1625 198 1678 tis
210 1624 297 1679 affert.

212 1699 291 1755 XXI.
317 1702 358 1759 77.
376 1697 513 1769 Equidem
524 1714 580 1754 nou
590 1697 670 1754 rideo
681 1714 730 1754 cur
741 1699 810 1769 quid
820 1699 880 1768 ipse
891 1698 1009 1755 sentiam

157 1777 196 1831 de
207 1780 295 1831 morte
307 1792 362 1830 non
373 1775 490 1829 sudeam
501 1776 580 1829 vobis
592 1776 691 1844 dicere,
704 1776 780 1845 quod
788 1793 822 1831 ec
833 1776 931 1830 melius
942 1774 1009 1829 mihi

156 1869 270 1907 cernere
285 1852 448 1920 videorque
461 1850 498 1905 ab
513 1868 546 1906 ea
561 1852 674 1921 propius
688 1852 793 1907 absum.
828 1852 887 1920 ligo
903 1855 1009 1907 vestros

158 1932 260 1997 patres,
274 1928 303 1983 P.
316 1927 412 1996 Scipio,
425 1930 512 1996 tuque
528 1927 557 1981 O.
571 1927 656 1997 Laeli,
667 1929 739 1982 viros
751 1927 914 1983 clarissimos
929 1927 1011 1982 mihi·

157 2020 213 2073 que
231 2003 407 2058 amicissimos
425 2003 517 2057 vivere
536 2003 664 2073 arbiucr,
681 2007 711 2059 et
722 2021 783 2066 eam
796 2003 908 2073 quidem
923 2004 1008 2057 vitam

158 2096 230 2147 quae
242 2083 285 2134 est
296 2079 354 2133 sola
365 2079 423 2133 vita
433 2079 605 2133 nominanda
642 2080 714 2135 Nam
727 2081 793 2135 dnm
810 2096 903 2134 sumus
920 2079 949 2133 in
965 2078 1009 2133 his

157 2155 256 2209 inclusi
264 2153 443 2224 compagibus
455 2156 585 2224 corporis,
601 2172 715 2210 munere
733 2155 851 2225 quodam
863 2155 1009 2210 necessita·
1051 2213 1061 2226 .

158 2231 196 2285 tis
208 2234 238 2286 et
248 2231 326 2299 gravi
338 2246 420 2299 opere
431 2230 629 2300 perfungimur.
646 2232 697 2287 llst
706 2231 780 2286 enim
791 2231 898 2285 animm
909 2230 1009 2285 caeles·

158 2307 196 2361 tis
214 2324 248 2362 er
266 2306 398 2361 altissimo
413 2304 549 2359 domicilio
566 2305 712 2376 depressus
730 2310 759 2361 et
775 2306 855 2376 quasi
866 2306 1008 2360 demersus

158 2383 187 2435 in
199 2385 310 2449 terram
320 2382 411 2434 locum
423 2380 532 2435 divinae
543 2385 657 2435 naturae
673 2382 831 2437 aeternitati
851 2398 885 2436 ue
902 2384 1008 2436 contra·

158 2458 238 2513 rium.
274 2457 330 2512 Sed
346 2456 429 2510 credo
445 2455 511 2510 deos
525 2457 694 2512 immortales
708 2457 795 2526 spars’
858 2457 962 2511 animos
979 2458 1007 2511 in

159 2549 275 2602 corpora
287 2532 405 2586 huruuua
416 2534 449 2587 ut
461 2536 553 2587 essent
566 2533 614 2601 qui
629 2537 720 2588 terras
737 2536 888 2599 tuerentur,
905 2532 1009 2603 quique

151 2607 317 2663 'caelestium
344 2606 469 2662 ordinem
495 2610 715 2678 contemplantes
740 2609 916 2664 imitarentur
943 2626 1008 2664 eum

159 2684 233 2739 vitoe
249 2683 330 2738 modo
346 2686 432 2753 atquo
447 2684 608 2740 constantia
644 2685 671 2739 Ν
672 2702 704 2740 ec
720 2702 765 2740 me
783 2685 871 2741 solum
887 2686 959 2740 ratic
975 2703 1008 2741 ac

158 2760 310 2829 disputatio
328 2759 438 2828 impulit
448 2762 481 2815 ut
493 2760 533 2815 ita
543 2761 694 2830 crederem,
710 2760 761 2816 sed
778 2760 906 2816 nobilitas
922 2761 1007 2817 etiam

157 2853 326 2891 summorum
346 2836 567 2905 pbilosophorum
587 2842 617 2891 et
640 2838 795 2893 auctoritas.
840 2840 880 2897 7&
903 2837 1007 2891 Audie-

158 2912 223 2967 bam
245 2912 427 2982 Pythagoram
449 2912 699 2985 Pythagoreosqua
720 2914 822 2969 incolas
841 2930 927 2983 paene
945 2930 1007 2967 nos-

156 2992 224 3057 tros,
244 2989 294 3058 qui
312 2993 405 3043 emeat
425 2988 515 3044 Italici
536 2990 690 3060 philosophi
708 2989 847 3060 quondam
866 2988 1007 3055 nominati,

157 3082 298 3136 nunquam
309 3064 451 3121 dubitasse
463 3066 529 3133 quin
547 3082 584 3121 ex
593 3066 722 3121 universa
732 3069 826 3121 mente
837 3064 931 3118 divina
939 3061 1007 3115 deli-

36 3150 41 3161 '
157 3142 237 3198 batus
254 3144 357 3197 animos
367 3142 541 3197 haberemus.
576 3142 841 3198 Demonstrabantur
850 3137 1009 3204 mihipran-

156 3222 235 3275 terea
246 3235 318 3283 quae
330 3219 455 3276 Socrates
467 3234 595 3285 supremo
612 3218 685 3275 vitae
696 3217 742 3274 die
753 3216 790 3271 de
800 3212 1007 3267 immortalitate
