<?xml version="1.0" encoding="UTF-8"?>
<!DOCTYPE html PUBLIC "-//W3C//DTD XHTML 1.0 Transitional//EN"
    "http://www.w3.org/TR/xhtml1/DTD/xhtml1-transitional.dtd">
<html xmlns="http://www.w3.org/1999/xhtml" xml:lang="en" lang="en">
 <head>
  <title>
</title>
<meta http-equiv="Content-Type" content="text/html;charset=utf-8" />
  <meta name='ocr-system' content='tesseract 3.04.00' />
  <meta name='ocr-capabilities' content='ocr_page ocr_carea ocr_par ocr_line ocrx_word'/>
</head>
<body>
  <div class='ocr_page' id='page_1' title='image "./catomajorsivede02cicegoog_0114.png"; bbox 0 0 2250 3450; ppageno 0'>
   <div class='ocr_carea' id='block_1_1' title="bbox 89 99 947 2539">
    <p class='ocr_par' dir='ltr' id='par_1_1' title="bbox 89 99 701 156">
     <span class='ocr_line' id='line_1_1' title="bbox 89 99 701 156; baseline 0.007 -8"><span class='ocrx_word' id='word_1_1' title='bbox 89 99 137 148; x_wconf 85' lang='lat'><strong>108</strong></span> <span class='ocrx_word' id='word_1_2' title='bbox 308 103 348 156; x_wconf 76' lang='lat' dir='ltr'><strong>M.</strong></span> <span class='ocrx_word' id='word_1_3' title='bbox 365 102 493 154; x_wconf 82' lang='lat' dir='ltr'>TULLII</span> <span class='ocrx_word' id='word_1_4' title='bbox 509 100 701 152; x_wconf 73' lang='lat' dir='ltr'>CICERONIS</span> 
     </span>
    </p>

    <p class='ocr_par' dir='ltr' id='par_1_2' title="bbox 89 183 947 2539">
     <span class='ocr_line' id='line_1_2' title="bbox 89 183 946 258; baseline -0.006 -11"><span class='ocrx_word' id='word_1_5' title='bbox 89 189 172 256; x_wconf 87' lang='lat' dir='ltr'><strong>enim,</strong></span> <span class='ocrx_word' id='word_1_6' title='bbox 195 187 264 244; x_wconf 91' lang='lat' dir='ltr'><strong>mihi</strong></span> <span class='ocrx_word' id='word_1_7' title='bbox 286 185 378 253; x_wconf 82' lang='lat' dir='ltr'><strong>crede,</strong></span> <span class='ocrx_word' id='word_1_8' title='bbox 400 183 505 240; x_wconf 85' lang='lat' dir='ltr'><strong>virtute</strong></span> <span class='ocrx_word' id='word_1_9' title='bbox 526 183 681 254; x_wconf 79' lang='lat' dir='ltr'><strong>formosius,</strong></span> <span class='ocrx_word' id='word_1_10' title='bbox 704 184 773 240; x_wconf 90' lang='lat' dir='ltr'><strong>nihil</strong></span> <span class='ocrx_word' id='word_1_11' title='bbox 796 187 946 258; x_wconf 74' lang='lat' dir='ltr'><strong>pulchrius,</strong></span> 
     </span>
     <span class='ocr_line' id='line_1_3' title="bbox 89 260 944 333; baseline -0.002 -13"><span class='ocrx_word' id='word_1_12' title='bbox 89 265 158 321; x_wconf 83' lang='lat' dir='ltr'><strong>nihil</strong></span> <span class='ocrx_word' id='word_1_13' title='bbox 181 262 332 318; x_wconf 77' lang='lat' dir='ltr'><strong>amabilius.</strong></span> <span class='ocrx_word' id='word_1_14' title='bbox 367 262 483 330; x_wconf 78' lang='lat' dir='ltr'>Semper</span> <span class='ocrx_word' id='word_1_15' title='bbox 505 260 603 328; x_wconf 85' lang='lat' dir='ltr'><strong>amavi,</strong></span> <span class='ocrx_word' id='word_1_16' title='bbox 626 263 659 315; x_wconf 90' lang='lat' dir='ltr'><strong>ut</strong></span> <span class='ocrx_word' id='word_1_17' title='bbox 680 262 739 330; x_wconf 89' lang='lat' dir='ltr'><strong>scis,</strong></span> <span class='ocrx_word' id='word_1_18' title='bbox 759 261 797 316; x_wconf 91' lang='lat' dir='ltr'><strong>M.</strong></span> <span class='ocrx_word' id='word_1_19' title='bbox 817 263 944 333; x_wconf 83' lang='lat' dir='ltr'><strong>Brutum,</strong></span> 
     </span>
     <span class='ocr_line' id='line_1_4' title="bbox 89 337 944 410; baseline -0.002 -14"><span class='ocrx_word' id='word_1_20' title='bbox 89 343 204 410; x_wconf 86' lang='lat' dir='ltr'><strong>propter</strong></span> <span class='ocrx_word' id='word_1_21' title='bbox 227 339 287 407; x_wconf 87' lang='lat' dir='ltr'><strong>ejus</strong></span> <span class='ocrx_word' id='word_1_22' title='bbox 311 349 447 392; x_wconf 82' lang='lat' dir='ltr'><strong>summum</strong></span> <span class='ocrx_word' id='word_1_23' title='bbox 470 337 619 405; x_wconf 82' lang='lat' dir='ltr'><strong>ingenium,</strong></span> <span class='ocrx_word' id='word_1_24' title='bbox 645 338 818 392; x_wconf 87' lang='lat' dir='ltr'><strong>suavissimos</strong></span> <span class='ocrx_word' id='word_1_25' title='bbox 846 356 944 408; x_wconf 89' lang='lat' dir='ltr'><strong>mores,</strong></span> 
     </span>
     <span class='ocr_line' id='line_1_5' title="bbox 90 413 946 484; baseline -0.001 -13"><span class='ocrx_word' id='word_1_26' title='bbox 90 416 258 484; x_wconf 76' lang='lat' dir='ltr'><strong>singularem</strong></span> <span class='ocrx_word' id='word_1_27' title='bbox 288 414 456 482; x_wconf 86' lang='lat' dir='ltr'><strong>probitatem</strong></span> <span class='ocrx_word' id='word_1_28' title='bbox 487 417 572 482; x_wconf 87' lang='lat' dir='ltr'><strong>atque</strong></span> <span class='ocrx_word' id='word_1_29' title='bbox 607 413 796 478; x_wconf 79' lang='lat' dir='ltr'><strong>constantiam.</strong></span> <span class='ocrx_word' id='word_1_30' title='bbox 843 415 946 470; x_wconf 82' lang='lat' dir='ltr'><strong>Tamen</strong></span> 
     </span>
     <span class='ocr_line' id='line_1_6' title="bbox 91 490 947 548; baseline 0.002 -2"><span class='ocrx_word' id='word_1_31' title='bbox 91 492 164 548; x_wconf 91' lang='lat' dir='ltr'><strong>ldib.</strong></span> <span class='ocrx_word' id='word_1_32' title='bbox 184 490 293 546; x_wconf 86' lang='lat' dir='ltr'><strong>Martiis</strong></span> <span class='ocrx_word' id='word_1_33' title='bbox 313 493 422 547; x_wconf 87' lang='lat' dir='ltr'><strong>tanturn</strong></span> <span class='ocrx_word' id='word_1_34' title='bbox 442 491 558 544; x_wconf 81' lang='lat' dir='ltr'><strong>accessit</strong></span> <span class='ocrx_word' id='word_1_35' title='bbox 579 491 616 545; x_wconf 85' lang='lat' dir='ltr'><strong>ad</strong></span> <span class='ocrx_word' id='word_1_36' title='bbox 635 507 757 546; x_wconf 86' lang='lat' dir='ltr'><strong>amorem</strong></span> <span class='ocrx_word' id='word_1_37' title='bbox 777 494 809 546; x_wconf 91' lang='lat' dir='ltr'><strong>ut</strong></span> <span class='ocrx_word' id='word_1_38' title='bbox 830 491 947 548; x_wconf 86' lang='lat' dir='ltr'><strong>mirarer</strong></span> 
     </span>
     <span class='ocr_line' id='line_1_7' title="bbox 90 565 947 637; baseline 0 -15"><span class='ocrx_word' id='word_1_39' title='bbox 90 569 179 622; x_wconf 89' lang='lat' dir='ltr'><strong>locum</strong></span> <span class='ocrx_word' id='word_1_40' title='bbox 190 567 275 623; x_wconf 78' lang='lat' dir='ltr'><strong>irrisae</strong></span> <span class='ocrx_word' id='word_1_41' title='bbox 287 565 405 634; x_wconf 89' lang='lat' dir='ltr'><strong>augendi</strong></span> <span class='ocrx_word' id='word_1_42' title='bbox 417 566 447 620; x_wconf 90' lang='lat' dir='ltr'><strong>in</strong></span> <span class='ocrx_word' id='word_1_43' title='bbox 458 581 491 620; x_wconf 90' lang='lat' dir='ltr'><strong>eo</strong></span> <span class='ocrx_word' id='word_1_44' title='bbox 503 565 579 634; x_wconf 93' lang='lat' dir='ltr'><strong>quod</strong></span> <span class='ocrx_word' id='word_1_45' title='bbox 590 566 665 620; x_wconf 89' lang='lat' dir='ltr'><strong>mihi.</strong></span> <span class='ocrx_word' id='word_1_46' title='bbox 672 565 841 637; x_wconf 85' lang='lat' dir='ltr'><strong>jampridem</strong></span> <span class='ocrx_word' id='word_1_47' title='bbox 852 585 947 623; x_wconf 89' lang='lat' dir='ltr'><strong>cumu-</strong></span> 
     </span>
     <span class='ocr_line' id='line_1_8' title="bbox 89 641 946 713; baseline -0.001 -14"><span class='ocrx_word' id='word_1_48' title='bbox 89 644 177 699; x_wconf 87' lang='lat' dir='ltr'><strong>latum</strong></span> <span class='ocrx_word' id='word_1_49' title='bbox 196 644 281 698; x_wconf 91' lang='lat' dir='ltr'><strong>etiam</strong></span> <span class='ocrx_word' id='word_1_50' title='bbox 298 642 452 698; x_wconf 83' lang='lat' dir='ltr'><strong>videbatur.</strong></span> <span class='ocrx_word' id='word_1_51' title='bbox 487 641 555 707; x_wconf 80' lang='lat' dir='ltr'><strong>Quis</strong></span> <span class='ocrx_word' id='word_1_52' title='bbox 568 646 629 696; x_wconf 90' lang='lat' dir='ltr'><strong>erat</strong></span> <span class='ocrx_word' id='word_1_53' title='bbox 640 644 688 712; x_wconf 80' lang='lat' dir='ltr'><strong>qui</strong></span> <span class='ocrx_word' id='word_1_54' title='bbox 699 647 813 713; x_wconf 90' lang='lat' dir='ltr'><strong>putaret</strong></span> <span class='ocrx_word' id='word_1_55' title='bbox 827 645 863 698; x_wconf 89' lang='lat' dir='ltr'><strong>ad</strong></span> <span class='ocrx_word' id='word_1_56' title='bbox 882 661 946 698; x_wconf 88' lang='lat' dir='ltr'><strong>eum</strong></span> 
     </span>
     <span class='ocr_line' id='line_1_9' title="bbox 90 717 946 790; baseline 0.001 -15"><span class='ocrx_word' id='word_1_57' title='bbox 90 737 211 775; x_wconf 88' lang='lat' dir='ltr'><strong>amorem</strong></span> <span class='ocrx_word' id='word_1_58' title='bbox 223 736 306 790; x_wconf 89' lang='lat' dir='ltr'><strong>quem</strong></span> <span class='ocrx_word' id='word_1_59' title='bbox 317 735 384 787; x_wconf 85' lang='lat' dir='ltr'><strong>erga</strong></span> <span class='ocrx_word' id='word_1_60' title='bbox 394 722 424 773; x_wconf 90' lang='lat' dir='ltr'><strong>te</strong></span> <span class='ocrx_word' id='word_1_61' title='bbox 435 717 570 772; x_wconf 76' lang='lat' dir='ltr'><strong>habebam</strong></span> <span class='ocrx_word' id='word_1_62' title='bbox 582 735 663 788; x_wconf 86' lang='lat' dir='ltr'><strong>posse</strong></span> <span class='ocrx_word' id='word_1_63' title='bbox 674 719 779 788; x_wconf 86' lang='lat' dir='ltr'><strong>aliquid</strong></span> <span class='ocrx_word' id='word_1_64' title='bbox 795 720 946 776; x_wconf 80' lang='lat' dir='ltr'><strong>accederet</strong></span> 
     </span>
     <span class='ocr_line' id='line_1_10' title="bbox 91 794 946 864; baseline -0.002 -12"><span class='ocrx_word' id='word_1_65' title='bbox 91 797 209 852; x_wconf 81' lang='lat' dir='ltr'><strong>&#39;lantum</strong></span> <span class='ocrx_word' id='word_1_66' title='bbox 227 796 343 850; x_wconf 85' lang='lat' dir='ltr'><strong>accessit</strong></span> <span class='ocrx_word' id='word_1_67' title='bbox 360 797 393 850; x_wconf 88' lang='lat' dir='ltr'><strong>ut</strong></span> <span class='ocrx_word' id='word_1_68' title='bbox 416 794 483 848; x_wconf 91' lang='lat' dir='ltr'><strong>mihi</strong></span> <span class='ocrx_word' id='word_1_69' title='bbox 501 811 574 848; x_wconf 90' lang='lat' dir='ltr'><strong>nune</strong></span> <span class='ocrx_word' id='word_1_70' title='bbox 593 794 712 864; x_wconf 88' lang='lat' dir='ltr'><strong>denique</strong></span> <span class='ocrx_word' id='word_1_71' title='bbox 732 811 824 849; x_wconf 87' lang='lat' dir='ltr'><strong>amare</strong></span> <span class='ocrx_word' id='word_1_72' title='bbox 842 795 946 860; x_wconf 82' lang='lat' dir='ltr'><strong>videar,</strong></span> 
     </span>
     <span class='ocr_line' id='line_1_11' title="bbox 89 870 947 941; baseline 0.001 -15"><span class='ocrx_word' id='word_1_73' title='bbox 89 876 171 926; x_wconf 88' lang='lat' dir='ltr'><strong>antea</strong></span> <span class='ocrx_word' id='word_1_74' title='bbox 182 872 318 927; x_wconf 84' lang='lat' dir='ltr'><strong>dilexisse.</strong></span> <span class='ocrx_word' id='word_1_75' title='bbox 354 870 446 935; x_wconf 81' lang='lat' dir='ltr'><strong>Quare</strong></span> <span class='ocrx_word' id='word_1_76' title='bbox 458 870 582 939; x_wconf 85' lang='lat' dir='ltr'><strong>quidest</strong></span> <span class='ocrx_word' id='word_1_77' title='bbox 599 871 675 941; x_wconf 89' lang='lat' dir='ltr'><strong>quod</strong></span> <span class='ocrx_word' id='word_1_78' title='bbox 691 887 742 939; x_wconf 88' lang='lat' dir='ltr'><strong>ego</strong></span> <span class='ocrx_word' id='word_1_79' title='bbox 758 874 787 926; x_wconf 83' lang='lat' dir='ltr'><strong>te</strong></span> <span class='ocrx_word' id='word_1_80' title='bbox 803 871 898 928; x_wconf 83' lang='lat' dir='ltr'><strong>horter</strong></span> <span class='ocrx_word' id='word_1_81' title='bbox 913 875 947 927; x_wconf 90' lang='lat' dir='ltr'><strong>ut</strong></span> 
     </span>
     <span class='ocr_line' id='line_1_12' title="bbox 90 947 946 1017; baseline -0.002 -13"><span class='ocrx_word' id='word_1_82' title='bbox 90 948 219 1017; x_wconf 73' lang='lat' dir='ltr'><strong>dignitati</strong></span> <span class='ocrx_word' id='word_1_83' title='bbox 231 953 261 1003; x_wconf 92' lang='lat' dir='ltr'><strong>et</strong></span> <span class='ocrx_word' id='word_1_84' title='bbox 272 948 376 1017; x_wconf 85' lang='lat' dir='ltr'><strong>gloriae</strong></span> <span class='ocrx_word' id='word_1_85' title='bbox 388 947 511 1002; x_wconf 69' lang='lat' dir='ltr'><strong>servias?</strong></span> <span class='ocrx_word' id='word_1_86' title='bbox 527 963 678 1017; x_wconf 87' lang='lat' dir='ltr'><strong>proponam</strong></span> <span class='ocrx_word' id='word_1_87' title='bbox 694 947 747 1001; x_wconf 87' lang='lat' dir='ltr'><strong>tibi</strong></span> <span class='ocrx_word' id='word_1_88' title='bbox 763 947 849 1003; x_wconf 86' lang='lat' dir='ltr'><strong>claros</strong></span> <span class='ocrx_word' id='word_1_89' title='bbox 864 947 946 1016; x_wconf 81' lang='lat' dir='ltr'><strong>viros,</strong></span> 
     </span>
     <span class='ocr_line' id='line_1_13' title="bbox 90 1023 947 1095; baseline -0.004 -14"><span class='ocrx_word' id='word_1_90' title='bbox 90 1025 173 1095; x_wconf 90' lang='lat' dir='ltr'><strong>quod·</strong></span> <span class='ocrx_word' id='word_1_91' title='bbox 188 1025 280 1081; x_wconf 78' lang='lat' dir='ltr'><strong>faeere</strong></span> <span class='ocrx_word' id='word_1_92' title='bbox 303 1024 392 1078; x_wconf 79' lang='lat' dir='ltr'><strong>solent</strong></span> <span class='ocrx_word' id='word_1_93' title='bbox 416 1023 463 1090; x_wconf 91' lang='lat' dir='ltr'><strong>qui</strong></span> <span class='ocrx_word' id='word_1_94' title='bbox 486 1023 652 1078; x_wconf 82' lang='lat' dir='ltr'><strong>hortanturl</strong></span> <span class='ocrx_word' id='word_1_95' title='bbox 688 1024 834 1080; x_wconf 90' lang='lat' dir='ltr'><strong>Neminem</strong></span> <span class='ocrx_word' id='word_1_96' title='bbox 857 1023 947 1078; x_wconf 86' lang='lat' dir='ltr'><strong>habeo</strong></span> 
     </span>
     <span class='ocr_line' id='line_1_14' title="bbox 90 1099 946 1170; baseline -0.002 -14"><span class='ocrx_word' id='word_1_97' title='bbox 90 1102 232 1158; x_wconf 86' lang='lat' dir='ltr'><strong>clariorem</strong></span> <span class='ocrx_word' id='word_1_98' title='bbox 249 1117 332 1170; x_wconf 88' lang='lat' dir='ltr'><strong>quam</strong></span> <span class='ocrx_word' id='word_1_99' title='bbox 348 1099 490 1168; x_wconf 85' lang='lat' dir='ltr'><strong>teipsum.</strong></span> <span class='ocrx_word' id='word_1_100' title='bbox 526 1099 566 1153; x_wconf 79' lang='lat' dir='ltr'><strong>Te</strong></span> <span class='ocrx_word' id='word_1_101' title='bbox 580 1099 692 1158; x_wconf 77' lang='lat' dir='ltr'><strong>imitere</strong></span> <span class='ocrx_word' id='word_1_102' title='bbox 707 1103 834 1168; x_wconf 83' lang='lat' dir='ltr'><strong>oportet:</strong></span> <span class='ocrx_word' id='word_1_103' title='bbox 853 1103 946 1154; x_wconf 86' lang='lat' dir='ltr'><strong>tecum</strong></span> 
     </span>
     <span class='ocr_line' id='line_1_15' title="bbox 89 1174 947 1248; baseline -0.005 -15"><span class='ocrx_word' id='word_1_104' title='bbox 89 1179 150 1248; x_wconf 85' lang='lat' dir='ltr'><strong>ipse</strong></span> <span class='ocrx_word' id='word_1_105' title='bbox 172 1180 271 1232; x_wconf 83' lang='lat' dir='ltr'><strong>certes.</strong></span> <span class='ocrx_word' id='word_1_106' title='bbox 307 1177 350 1230; x_wconf 89' lang='lat' dir='ltr'><strong>Ne</strong></span> <span class='ocrx_word' id='word_1_107' title='bbox 373 1175 439 1229; x_wconf 88' lang='lat' dir='ltr'><strong>licet</strong></span> <span class='ocrx_word' id='word_1_108' title='bbox 462 1174 575 1243; x_wconf 87' lang='lat' dir='ltr'><strong>quidem</strong></span> <span class='ocrx_word' id='word_1_109' title='bbox 599 1174 650 1230; x_wconf 88' lang='lat' dir='ltr'><strong>tibi</strong></span> <span class='ocrx_word' id='word_1_110' title='bbox 670 1175 730 1244; x_wconf 87' lang='lat' dir='ltr'><strong>jam</strong></span> <span class='ocrx_word' id='word_1_111' title='bbox 754 1177 840 1231; x_wconf 90' lang='lat' dir='ltr'><strong>tantis</strong></span> <span class='ocrx_word' id='word_1_112' title='bbox 862 1176 947 1230; x_wconf 89' lang='lat' dir='ltr'><strong>rebus</strong></span> 
     </span>
     <span class='ocr_line' id='line_1_16' title="bbox 90 1251 947 1322; baseline -0.002 -14"><span class='ocrx_word' id='word_1_113' title='bbox 90 1254 176 1322; x_wconf 85' lang='lat' dir='ltr'><strong>gestis</strong></span> <span class='ocrx_word' id='word_1_114' title='bbox 188 1270 243 1308; x_wconf 92' lang='lat' dir='ltr'><strong>non</strong></span> <span class='ocrx_word' id='word_1_115' title='bbox 254 1252 297 1307; x_wconf 93' lang='lat' dir='ltr'><strong>tui</strong></span> <span class='ocrx_word' id='word_1_116' title='bbox 310 1251 426 1306; x_wconf 89' lang='lat' dir='ltr'><strong>similem</strong></span> <span class='ocrx_word' id='word_1_117' title='bbox 439 1266 508 1307; x_wconf 86' lang='lat' dir='ltr'><strong>esse.</strong></span> <span class='ocrx_word' id='word_1_118' title='bbox 546 1251 627 1316; x_wconf 85' lang='lat' dir='ltr'><strong>Quod</strong></span> <span class='ocrx_word' id='word_1_119' title='bbox 638 1268 723 1320; x_wconf 90' lang='lat' dir='ltr'><strong>quum</strong></span> <span class='ocrx_word' id='word_1_120' title='bbox 736 1252 777 1306; x_wconf 89' lang='lat' dir='ltr'><strong>ita</strong></span> <span class='ocrx_word' id='word_1_121' title='bbox 794 1252 838 1320; x_wconf 88' lang='lat' dir='ltr'><strong>sit,</strong></span> <span class='ocrx_word' id='word_1_122' title='bbox 855 1251 947 1306; x_wconf 79' lang='lat' dir='ltr'><strong>horta</strong></span> 
     </span>
     <span class='ocr_line' id='line_1_17' title="bbox 90 1327 946 1396; baseline -0.004 -11"><span class='ocrx_word' id='word_1_123' title='bbox 90 1330 131 1386; x_wconf 90' lang='lat' dir='ltr'><strong>tio</strong></span> <span class='ocrx_word' id='word_1_124' title='bbox 142 1346 196 1384; x_wconf 90' lang='lat' dir='ltr'><strong>non</strong></span> <span class='ocrx_word' id='word_1_125' title='bbox 208 1332 251 1384; x_wconf 87' lang='lat' dir='ltr'><strong>est</strong></span> <span class='ocrx_word' id='word_1_126' title='bbox 263 1327 430 1393; x_wconf 61' lang='lat' dir='ltr'><strong>neceam-im</strong></span> <span class='ocrx_word' id='word_1_127' title='bbox 445 1327 631 1394; x_wconf 87' lang='lat' dir='ltr'><strong>gratulatione</strong></span> <span class='ocrx_word' id='word_1_128' title='bbox 643 1328 731 1396; x_wconf 86' lang='lat' dir='ltr'><strong>magis</strong></span> <span class='ocrx_word' id='word_1_129' title='bbox 744 1327 879 1382; x_wconf 89' lang='lat' dir='ltr'><strong>utendum</strong></span> <span class='ocrx_word' id='word_1_130' title='bbox 893 1331 946 1383; x_wconf 87' lang='lat' dir='ltr'><strong>est.</strong></span> 
     </span>
     <span class='ocr_line' id='line_1_18' title="bbox 91 1402 947 1474; baseline -0.001 -14"><span class='ocrx_word' id='word_1_131' title='bbox 91 1405 215 1474; x_wconf 84' lang='lat' dir='ltr'><strong>Contigit</strong></span> <span class='ocrx_word' id='word_1_132' title='bbox 226 1405 300 1460; x_wconf 88' lang='lat' dir='ltr'><strong>enim</strong></span> <span class='ocrx_word' id='word_1_133' title='bbox 311 1403 371 1472; x_wconf 82' lang='lat' dir='ltr'><strong>tibi,</strong></span> <span class='ocrx_word' id='word_1_134' title='bbox 384 1403 459 1472; x_wconf 91' lang='lat' dir='ltr'><strong>quod</strong></span> <span class='ocrx_word' id='word_1_135' title='bbox 470 1402 545 1458; x_wconf 84' lang='lat' dir='ltr'><strong>haud</strong></span> <span class='ocrx_word' id='word_1_136' title='bbox 557 1403 613 1458; x_wconf 89' lang='lat' dir='ltr'><strong>scio</strong></span> <span class='ocrx_word' id='word_1_137' title='bbox 625 1420 659 1458; x_wconf 90' lang='lat' dir='ltr'><strong>an</strong></span> <span class='ocrx_word' id='word_1_138' title='bbox 671 1403 783 1472; x_wconf 87' lang='lat' dir='ltr'><strong>nemini,</strong></span> <span class='ocrx_word' id='word_1_139' title='bbox 795 1407 828 1458; x_wconf 87' lang='lat' dir='ltr'><strong>ut</strong></span> <span class='ocrx_word' id='word_1_140' title='bbox 841 1421 947 1459; x_wconf 90' lang='lat' dir='ltr'><strong>summa</strong></span> 
     </span>
     <span class='ocr_line' id='line_1_19' title="bbox 90 1479 946 1537; baseline -0.004 0"><span class='ocrx_word' id='word_1_141' title='bbox 90 1482 223 1537; x_wconf 82' lang='lat' dir='ltr'><strong>severitas</strong></span> <span class='ocrx_word' id='word_1_142' title='bbox 242 1479 483 1535; x_wconf 85' lang='lat' dir='ltr'><strong>animadversionis</strong></span> <span class='ocrx_word' id='word_1_143' title='bbox 499 1496 553 1533; x_wconf 89' lang='lat' dir='ltr'><strong>non</strong></span> <span class='ocrx_word' id='word_1_144' title='bbox 570 1479 652 1533; x_wconf 93' lang='lat' dir='ltr'><strong>modo</strong></span> <span class='ocrx_word' id='word_1_145' title='bbox 671 1496 726 1534; x_wconf 94' lang='lat' dir='ltr'><strong>non</strong></span> <span class='ocrx_word' id='word_1_146' title='bbox 743 1480 878 1536; x_wconf 83' lang='lat' dir='ltr'><strong>invidiosa</strong></span> <span class='ocrx_word' id='word_1_147' title='bbox 895 1480 946 1535; x_wconf 89' lang='lat' dir='ltr'><strong>sed</strong></span> 
     </span>
     <span class='ocr_line' id='line_1_20' title="bbox 90 1555 946 1628; baseline -0.002 -15"><span class='ocrx_word' id='word_1_148' title='bbox 90 1557 175 1613; x_wconf 90' lang='lat' dir='ltr'><strong>otiam</strong></span> <span class='ocrx_word' id='word_1_149' title='bbox 197 1557 337 1628; x_wconf 88' lang='lat' dir='ltr'><strong>popularis</strong></span> <span class='ocrx_word' id='word_1_150' title='bbox 361 1559 442 1623; x_wconf 85' lang='lat' dir='ltr'><strong>esset,</strong></span> <span class='ocrx_word' id='word_1_151' title='bbox 466 1560 496 1611; x_wconf 91' lang='lat' dir='ltr'><strong>et</strong></span> <span class='ocrx_word' id='word_1_152' title='bbox 519 1572 605 1624; x_wconf 90' lang='lat' dir='ltr'><strong>quum</strong></span> <span class='ocrx_word' id='word_1_153' title='bbox 628 1555 707 1610; x_wconf 89' lang='lat' dir='ltr'><strong>bonis</strong></span> <span class='ocrx_word' id='word_1_154' title='bbox 731 1556 856 1612; x_wconf 88' lang='lat' dir='ltr'><strong>omnibus</strong></span> <span class='ocrx_word' id='word_1_155' title='bbox 884 1560 946 1612; x_wconf 88' lang='lat' dir='ltr'><strong>tum</strong></span> 
     </span>
     <span class='ocr_line' id='line_1_21' title="bbox 90 1630 946 1703; baseline 0 -15"><span class='ocrx_word' id='word_1_156' title='bbox 90 1633 184 1689; x_wconf 86' lang='lat' dir='ltr'><strong>infimo</strong></span> <span class='ocrx_word' id='word_1_157' title='bbox 199 1634 299 1702; x_wconf 89' lang='lat' dir='ltr'><strong>cuique</strong></span> <span class='ocrx_word' id='word_1_158' title='bbox 312 1631 478 1700; x_wconf 87' lang='lat' dir='ltr'><strong>gratissima</strong></span> <span class='ocrx_word' id='word_1_159' title='bbox 515 1632 578 1686; x_wconf 89' lang='lat' dir='ltr'><strong>Hoc</strong></span> <span class='ocrx_word' id='word_1_160' title='bbox 594 1631 618 1686; x_wconf 90' lang='lat' dir='ltr'><strong>si</strong></span> <span class='ocrx_word' id='word_1_161' title='bbox 633 1630 685 1686; x_wconf 90' lang='lat' dir='ltr'><strong>tibi</strong></span> <span class='ocrx_word' id='word_1_162' title='bbox 700 1632 811 1687; x_wconf 84' lang='lat' dir='ltr'><strong>fortuna</strong></span> <span class='ocrx_word' id='word_1_163' title='bbox 825 1633 946 1703; x_wconf 84' lang='lat' dir='ltr'><strong>quadam</strong></span> 
     </span>
     <span class='ocr_line' id='line_1_22' title="bbox 90 1707 946 1779; baseline 0.001 -14"><span class='ocrx_word' id='word_1_164' title='bbox 90 1709 257 1778; x_wconf 81' lang='lat' dir='ltr'><strong>contigisset</strong></span> <span class='ocrx_word' id='word_1_165' title='bbox 269 1707 425 1777; x_wconf 84' lang='lat' dir='ltr'><strong>gratularer</strong></span> <span class='ocrx_word' id='word_1_166' title='bbox 435 1707 561 1763; x_wconf 74' lang='lat' dir='ltr'><strong>felicitati</strong></span> <span class='ocrx_word' id='word_1_167' title='bbox 572 1711 655 1764; x_wconf 88' lang='lat' dir='ltr'><strong>tuae:</strong></span> <span class='ocrx_word' id='word_1_168' title='bbox 673 1709 722 1764; x_wconf 87' lang='lat' dir='ltr'><strong>sed</strong></span> <span class='ocrx_word' id='word_1_169' title='bbox 738 1710 854 1778; x_wconf 83' lang='lat' dir='ltr'><strong>contigit</strong></span> <span class='ocrx_word' id='word_1_170' title='bbox 871 1727 946 1779; x_wconf 85' lang='lat' dir='ltr'><strong>mag-</strong></span> 
     </span>
     <span class='ocr_line' id='line_1_23' title="bbox 89 1779 945 1856; baseline -0.001 -16"><span class='ocrx_word' id='word_1_171' title='bbox 89 1786 216 1841; x_wconf 88' lang='lat' dir='ltr'><strong>nitudine</strong></span> <span class='ocrx_word' id='word_1_172' title='bbox 227 1802 313 1856; x_wconf 89' lang='lat' dir='ltr'><strong>quum</strong></span> <span class='ocrx_word' id='word_1_173' title='bbox 330 1784 414 1838; x_wconf 90' lang='lat' dir='ltr'><strong>animi</strong></span> <span class='ocrx_word' id='word_1_174' title='bbox 430 1786 491 1839; x_wconf 91' lang='lat' dir='ltr'><strong>tum</strong></span> <span class='ocrx_word' id='word_1_175' title='bbox 507 1779 712 1853; x_wconf 86' lang='lat' dir='ltr'><strong>etiam&#39;ingenii</strong></span> <span class='ocrx_word' id='word_1_176' title='bbox 729 1790 814 1855; x_wconf 85' lang='lat' dir='ltr'><strong>atque</strong></span> <span class='ocrx_word' id='word_1_177' title='bbox 831 1786 945 1841; x_wconf 85' lang='lat' dir='ltr'><strong>consilii.</strong></span> 
     </span>
     <span class='ocr_line' id='line_1_24' title="bbox 90 1860 946 1931; baseline 0.002 -16"><span class='ocrx_word' id='word_1_178' title='bbox 90 1862 159 1930; x_wconf 83' lang='lat' dir='ltr'><strong>Legi</strong></span> <span class='ocrx_word' id='word_1_179' title='bbox 171 1862 243 1915; x_wconf 89' lang='lat' dir='ltr'><strong>enim</strong></span> <span class='ocrx_word' id='word_1_180' title='bbox 258 1861 412 1914; x_wconf 86' lang='lat' dir='ltr'><strong>contionem</strong></span> <span class='ocrx_word' id='word_1_181' title='bbox 430 1862 514 1913; x_wconf 84' lang='lat' dir='ltr'><strong>tuam</strong></span> <span class='ocrx_word' id='word_1_182' title='bbox 550 1860 627 1915; x_wconf 88' lang='lat' dir='ltr'><strong>Nihil</strong></span> <span class='ocrx_word' id='word_1_183' title='bbox 642 1860 689 1915; x_wconf 90' lang='lat' dir='ltr'><strong>illa</strong></span> <span class='ocrx_word' id='word_1_184' title='bbox 704 1862 863 1931; x_wconf 89' lang='lat' dir='ltr'><strong>sapientius.</strong></span> <span class='ocrx_word' id='word_1_185' title='bbox 899 1862 946 1917; x_wconf 89' lang='lat' dir='ltr'><strong>Ita</strong></span> 
     </span>
     <span class='ocr_line' id='line_1_25' title="bbox 89 1935 945 2007; baseline 0 -15"><span class='ocrx_word' id='word_1_186' title='bbox 89 1936 262 2007; x_wconf 85' lang='lat' dir='ltr'><strong>pedetentim</strong></span> <span class='ocrx_word' id='word_1_187' title='bbox 279 1938 308 1991; x_wconf 89' lang='lat' dir='ltr'><strong>et</strong></span> <span class='ocrx_word' id='word_1_188' title='bbox 324 1935 461 2005; x_wconf 81' lang='lat' dir='ltr'><strong>gradatim</strong></span> <span class='ocrx_word' id='word_1_189' title='bbox 479 1938 539 1989; x_wconf 91' lang='lat' dir='ltr'><strong>tum</strong></span> <span class='ocrx_word' id='word_1_190' title='bbox 551 1952 683 1992; x_wconf 77' lang='lat' dir='ltr'><strong>abcessus</strong></span> <span class='ocrx_word' id='word_1_191' title='bbox 701 1955 718 1991; x_wconf 89' lang='lat' dir='ltr'><strong>a</strong></span> <span class='ocrx_word' id='word_1_192' title='bbox 735 1941 765 1992; x_wconf 90' lang='lat' dir='ltr'><strong>te</strong></span> <span class='ocrx_word' id='word_1_193' title='bbox 782 1938 819 1992; x_wconf 91' lang='lat' dir='ltr'><strong>ad</strong></span> <span class='ocrx_word' id='word_1_194' title='bbox 836 1954 945 1992; x_wconf 86' lang='lat' dir='ltr'><strong>causam</strong></span> 
     </span>
     <span class='ocr_line' id='line_1_26' title="bbox 89 2012 946 2081; baseline 0 -14"><span class='ocrx_word' id='word_1_195' title='bbox 89 2013 164 2080; x_wconf 80' lang='lat' dir='ltr'><strong>iacti,</strong></span> <span class='ocrx_word' id='word_1_196' title='bbox 184 2016 244 2067; x_wconf 85' lang='lat' dir='ltr'><strong>tum</strong></span> <span class='ocrx_word' id='word_1_197' title='bbox 269 2028 400 2079; x_wconf 86' lang='lat' dir='ltr'><strong>recessus,</strong></span> <span class='ocrx_word' id='word_1_198' title='bbox 416 2014 449 2066; x_wconf 91' lang='lat' dir='ltr'><strong>ut</strong></span> <span class='ocrx_word' id='word_1_199' title='bbox 468 2012 590 2081; x_wconf 85' lang='lat' dir='ltr'><strong>meipsa</strong></span> <span class='ocrx_word' id='word_1_200' title='bbox 612 2014 802 2068; x_wconf 86' lang='lat' dir='ltr'><strong>maturitatem</strong></span> <span class='ocrx_word' id='word_1_201' title='bbox 820 2014 873 2069; x_wconf 87' lang='lat' dir='ltr'><strong>tibi</strong></span> <span class='ocrx_word' id='word_1_202' title='bbox 891 2014 946 2067; x_wconf 85' lang='lat' dir='ltr'><strong>ani-</strong></span> 
     </span>
     <span class='ocr_line' id='line_1_27' title="bbox 89 2088 945 2158; baseline 0 -15"><span class='ocrx_word' id='word_1_203' title='bbox 89 2088 284 2143; x_wconf 85' lang='lat' dir='ltr'><strong>madvertendi</strong></span> <span class='ocrx_word' id='word_1_204' title='bbox 301 2088 422 2143; x_wconf 90' lang='lat' dir='ltr'><strong>omnium</strong></span> <span class='ocrx_word' id='word_1_205' title='bbox 439 2104 569 2143; x_wconf 86' lang='lat' dir='ltr'><strong>concessu</strong></span> <span class='ocrx_word' id='word_1_206' title='bbox 581 2089 668 2143; x_wconf 86' lang='lat' dir='ltr'><strong>daret</strong></span> <span class='ocrx_word' id='word_1_207' title='bbox 704 2090 842 2144; x_wconf 79' lang='lat' dir='ltr'><strong>hibernati</strong></span> <span class='ocrx_word' id='word_1_208' title='bbox 859 2090 945 2158; x_wconf 87' lang='lat' dir='ltr'><strong>igitur</strong></span> 
     </span>
     <span class='ocr_line' id='line_1_28' title="bbox 90 2164 945 2235; baseline 0 -16"><span class='ocrx_word' id='word_1_209' title='bbox 90 2168 120 2219; x_wconf 89' lang='lat' dir='ltr'><strong>ot</strong></span> <span class='ocrx_word' id='word_1_210' title='bbox 134 2165 233 2219; x_wconf 90' lang='lat' dir='ltr'><strong>urbem</strong></span> <span class='ocrx_word' id='word_1_211' title='bbox 248 2164 370 2233; x_wconf 83' lang='lat' dir='ltr'><strong>periculo</strong></span> <span class='ocrx_word' id='word_1_212' title='bbox 385 2167 415 2218; x_wconf 91' lang='lat' dir='ltr'><strong>et</strong></span> <span class='ocrx_word' id='word_1_213' title='bbox 430 2164 571 2219; x_wconf 83' lang='lat' dir='ltr'><strong>civitatem</strong></span> <span class='ocrx_word' id='word_1_214' title='bbox 587 2170 680 2232; x_wconf 87' lang='lat' dir='ltr'><strong>metu;</strong></span> <span class='ocrx_word' id='word_1_215' title='bbox 699 2182 789 2235; x_wconf 90' lang='lat' dir='ltr'><strong>neque</strong></span> <span class='ocrx_word' id='word_1_216' title='bbox 806 2166 892 2220; x_wconf 87' lang='lat' dir='ltr'><strong>solum</strong></span> <span class='ocrx_word' id='word_1_217' title='bbox 909 2165 945 2219; x_wconf 91' lang='lat' dir='ltr'><strong>ad</strong></span> 
     </span>
     <span class='ocr_line' id='line_1_29' title="bbox 89 2239 946 2311; baseline 0 -15"><span class='ocrx_word' id='word_1_218' title='bbox 89 2243 199 2311; x_wconf 88' lang='lat' dir='ltr'><strong>tempus</strong></span> <span class='ocrx_word' id='word_1_219' title='bbox 221 2239 543 2296; x_wconf 84' lang='lat' dir='ltr'><strong>maximamutilitatem</strong></span> <span class='ocrx_word' id='word_1_220' title='bbox 573 2242 692 2295; x_wconf 87' lang='lat' dir='ltr'><strong>attulisti</strong></span> <span class='ocrx_word' id='word_1_221' title='bbox 708 2241 770 2295; x_wconf 83' lang='lat' dir='ltr'><strong>&#39;sed</strong></span> <span class='ocrx_word' id='word_1_222' title='bbox 799 2242 882 2296; x_wconf 87' lang='lat' dir='ltr'><strong>etiam</strong></span> <span class='ocrx_word' id='word_1_223' title='bbox 910 2240 946 2295; x_wconf 81' lang='lat' dir='ltr'><strong>ed</strong></span> 
     </span>
     <span class='ocr_line' id='line_1_30' title="bbox 90 2316 946 2386; baseline -0.002 -13"><span class='ocrx_word' id='word_1_224' title='bbox 90 2318 254 2386; x_wconf 84' lang='lat' dir='ltr'><strong>exemplum.</strong></span> <span class='ocrx_word' id='word_1_225' title='bbox 291 2318 355 2383; x_wconf 83' lang='lat' dir='ltr'><strong>Quo</strong></span> <span class='ocrx_word' id='word_1_226' title='bbox 367 2317 443 2372; x_wconf 82' lang='lat' dir='ltr'><strong>facto</strong></span> <span class='ocrx_word' id='word_1_227' title='bbox 457 2316 718 2385; x_wconf 87' lang='lat' dir='ltr'><strong>intelligere&#39;debes</strong></span> <span class='ocrx_word' id='word_1_228' title='bbox 732 2316 762 2371; x_wconf 90' lang='lat' dir='ltr'><strong>in</strong></span> <span class='ocrx_word' id='word_1_229' title='bbox 781 2320 810 2372; x_wconf 92' lang='lat' dir='ltr'><strong>te</strong></span> <span class='ocrx_word' id='word_1_230' title='bbox 828 2318 946 2385; x_wconf 85' lang='lat' dir='ltr'><strong>positam</strong></span> 
     </span>
     <span class='ocr_line' id='line_1_31' title="bbox 89 2392 946 2463; baseline -0.002 -14"><span class='ocrx_word' id='word_1_231' title='bbox 89 2410 151 2449; x_wconf 88' lang='lat' dir='ltr'><strong>esse</strong></span> <span class='ocrx_word' id='word_1_232' title='bbox 162 2410 222 2449; x_wconf 91' lang='lat' dir='ltr'><strong>rem</strong></span> <span class='ocrx_word' id='word_1_233' title='bbox 233 2394 378 2463; x_wconf 86' lang='lat' dir='ltr'><strong>publicam,</strong></span> <span class='ocrx_word' id='word_1_234' title='bbox 390 2393 498 2462; x_wconf 90' lang='lat' dir='ltr'><strong>tibique</strong></span> <span class='ocrx_word' id='word_1_235' title='bbox 510 2410 564 2447; x_wconf 92' lang='lat' dir='ltr'><strong>non</strong></span> <span class='ocrx_word' id='word_1_236' title='bbox 576 2392 659 2447; x_wconf 89' lang='lat' dir='ltr'><strong>modo</strong></span> <span class='ocrx_word' id='word_1_237' title='bbox 668 2393 794 2461; x_wconf 88' lang='lat' dir='ltr'><strong>tuendos,</strong></span> <span class='ocrx_word' id='word_1_238' title='bbox 804 2393 854 2447; x_wconf 90' lang='lat' dir='ltr'><strong>sed</strong></span> <span class='ocrx_word' id='word_1_239' title='bbox 863 2394 946 2447; x_wconf 87' lang='lat' dir='ltr'><strong>etiam</strong></span> 
     </span>
     <span class='ocr_line' id='line_1_32' title="bbox 90 2466 946 2539; baseline -0.001 -15"><span class='ocrx_word' id='word_1_240' title='bbox 90 2470 226 2525; x_wconf 85' lang='lat' dir='ltr'><strong>ornandos</strong></span> <span class='ocrx_word' id='word_1_241' title='bbox 247 2486 308 2524; x_wconf 87' lang='lat' dir='ltr'><strong>esse</strong></span> <span class='ocrx_word' id='word_1_242' title='bbox 327 2470 388 2524; x_wconf 88' lang='lat' dir='ltr'><strong>illos</strong></span> <span class='ocrx_word' id='word_1_243' title='bbox 407 2470 488 2538; x_wconf 84' lang='lat' dir='ltr'><strong>viros,</strong></span> <span class='ocrx_word' id='word_1_244' title='bbox 512 2486 529 2523; x_wconf 89' lang='lat' dir='ltr'><strong>a</strong></span> <span class='ocrx_word' id='word_1_245' title='bbox 553 2468 654 2539; x_wconf 86' lang='lat' dir='ltr'><strong>quibus</strong></span> <span class='ocrx_word' id='word_1_246' title='bbox 677 2469 786 2523; x_wconf 91' lang='lat' dir='ltr'><strong>initium</strong></span> <span class='ocrx_word' id='word_1_247' title='bbox 809 2466 946 2523; x_wconf 80' lang='lat' dir='ltr'><strong>libertatis</strong></span> 
     </span>
    </p>
   </div>
   <div class='ocr_carea' id='block_1_2' title="bbox 89 2545 1044 2615">
    <p class='ocr_par' dir='ltr' id='par_1_3' title="bbox 89 2545 1044 2615">
     <span class='ocr_line' id='line_1_33' title="bbox 89 2545 1044 2615; baseline -0.022 -13"><span class='ocrx_word' id='word_1_248' title='bbox 89 2546 242 2615; x_wconf 83' lang='lat' dir='ltr'><strong>proiectum</strong></span> <span class='ocrx_word' id='word_1_249' title='bbox 259 2549 310 2601; x_wconf 86' lang='lat' dir='ltr'><strong>est</strong></span> <span class='ocrx_word' id='word_1_250' title='bbox 346 2545 402 2601; x_wconf 82' lang='lat' dir='ltr'><strong>Sed</strong></span> <span class='ocrx_word' id='word_1_251' title='bbox 418 2545 463 2600; x_wconf 92' lang='lat' dir='ltr'><strong>his</strong></span> <span class='ocrx_word' id='word_1_252' title='bbox 482 2546 518 2600; x_wconf 91' lang='lat' dir='ltr'><strong>de</strong></span> <span class='ocrx_word' id='word_1_253' title='bbox 536 2545 622 2600; x_wconf 88' lang='lat' dir='ltr'><strong>rebus</strong></span> <span class='ocrx_word' id='word_1_254' title='bbox 641 2560 732 2599; x_wconf 90' lang='lat' dir='ltr'><strong>eoram</strong></span> <span class='ocrx_word' id='word_1_255' title='bbox 750 2545 830 2614; x_wconf 79' lang='lat' dir='ltr'><strong>plura</strong></span> <span class='ocrx_word' id='word_1_256' title='bbox 849 2560 946 2614; x_wconf 67' lang='lat' dir='ltr'><strong>prope.</strong></span> <span class='ocrx_word' id='word_1_257' title='bbox 1038 2568 1044 2581; x_wconf 62' lang='lat'><strong>-„</strong></span> 
     </span>
    </p>
   </div>
   <div class='ocr_carea' id='block_1_3' title="bbox 91 2620 946 3044">
    <p class='ocr_par' dir='ltr' id='par_1_4' title="bbox 91 2620 946 3044">
     <span class='ocr_line' id='line_1_34' title="bbox 91 2620 946 2691; baseline -0.006 -14"><span class='ocrx_word' id='word_1_258' title='bbox 91 2622 173 2691; x_wconf 87' lang='lat' dir='ltr'><strong>diem,</strong></span> <span class='ocrx_word' id='word_1_259' title='bbox 184 2624 217 2676; x_wconf 88' lang='lat' dir='ltr'><strong>ut</strong></span> <span class='ocrx_word' id='word_1_260' title='bbox 229 2638 316 2689; x_wconf 87' lang='lat' dir='ltr'><strong>spero.</strong></span> <span class='ocrx_word' id='word_1_261' title='bbox 352 2621 534 2690; x_wconf 77' lang='lat' dir='ltr'><strong>Tu&#39;quoniam</strong></span> <span class='ocrx_word' id='word_1_262' title='bbox 545 2637 605 2676; x_wconf 87' lang='lat' dir='ltr'><strong>rem</strong></span> <span class='ocrx_word' id='word_1_263' title='bbox 616 2620 755 2689; x_wconf 86' lang='lat' dir='ltr'><strong>publicam</strong></span> <span class='ocrx_word' id='word_1_264' title='bbox 766 2636 871 2689; x_wconf 90' lang='lat' dir='ltr'><strong>nosque</strong></span> <span class='ocrx_word' id='word_1_265' title='bbox 885 2635 946 2673; x_wconf 91' lang='lat' dir='ltr'><strong>eon-</strong></span> 
     </span>
     <span class='ocr_line' id='line_1_35' title="bbox 91 2694 946 2766; baseline -0.004 -13"><span class='ocrx_word' id='word_1_266' title='bbox 91 2699 252 2765; x_wconf 70' lang='lat' dir='ltr'><strong>semustae</strong></span> <span class='ocrx_word' id='word_1_267' title='bbox 274 2700 307 2752; x_wconf 92' lang='lat' dir='ltr'><strong>ut</strong></span> <span class='ocrx_word' id='word_1_268' title='bbox 329 2695 540 2765; x_wconf 80' lang='lat' dir='ltr'><strong>diligentissime</strong></span> <span class='ocrx_word' id='word_1_269' title='bbox 562 2700 594 2751; x_wconf 87' lang='lat' dir='ltr'><strong>te</strong></span> <span class='ocrx_word' id='word_1_270' title='bbox 616 2697 714 2766; x_wconf 84' lang='lat' dir='ltr'><strong>ipsum,</strong></span> <span class='ocrx_word' id='word_1_271' title='bbox 737 2696 775 2750; x_wconf 92' lang='lat' dir='ltr'><strong>mi</strong></span> <span class='ocrx_word' id='word_1_272' title='bbox 797 2694 946 2763; x_wconf 81' lang='lat' dir='ltr'><strong>Dolabella,</strong></span> 
     </span>
     <span class='ocr_line' id='line_1_36' title="bbox 91 2773 242 2829; baseline 0.007 -1"><span class='ocrx_word' id='word_1_273' title='bbox 91 2773 242 2829; x_wconf 88' lang='lat' dir='ltr'><strong>custodias.</strong></span> 
     </span>
     <span class='ocr_line' id='line_1_37' title="bbox 294 2890 740 2942; baseline 0 -1"><span class='ocrx_word' id='word_1_274' title='bbox 294 2894 333 2942; x_wconf 85' lang='lat'><strong>16.</strong></span> <span class='ocrx_word' id='word_1_275' title='bbox 368 2890 496 2940; x_wconf 71' lang='lat' dir='ltr'>CICERO</span> <span class='ocrx_word' id='word_1_276' title='bbox 512 2890 696 2941; x_wconf 82' lang='lat' dir='ltr'>TREBONIO</span> <span class='ocrx_word' id='word_1_277' title='bbox 714 2892 740 2941; x_wconf 86' lang='lat' dir='ltr'><strong>S.</strong></span> 
     </span>
     <span class='ocr_line' id='line_1_38' title="bbox 365 2980 669 3044; baseline -0.003 -15"><span class='ocrx_word' id='word_1_278' title='bbox 365 2981 454 3043; x_wconf 69' lang='lat' dir='ltr'><strong>(nib.</strong></span> <span class='ocrx_word' id='word_1_279' title='bbox 488 2980 669 3044; x_wconf 72' lang='lat' dir='ltr'><strong>n.n.o.711.)</strong></span> 
     </span>
    </p>
   </div>
   <div class='ocr_carea' id='block_1_4' title="bbox 91 3078 946 3225">
    <p class='ocr_par' dir='ltr' id='par_1_5' title="bbox 91 3078 946 3225">
     <span class='ocr_line' id='line_1_39' title="bbox 92 3078 946 3151; baseline -0.002 -14"><span class='ocrx_word' id='word_1_280' title='bbox 92 3078 180 3143; x_wconf 80' lang='lat' dir='ltr'><strong>Quam</strong></span> <span class='ocrx_word' id='word_1_281' title='bbox 200 3079 299 3134; x_wconf 82' lang='lat' dir='ltr'><strong>vellem</strong></span> <span class='ocrx_word' id='word_1_282' title='bbox 317 3080 354 3134; x_wconf 90' lang='lat' dir='ltr'><strong>ad</strong></span> <span class='ocrx_word' id='word_1_283' title='bbox 371 3080 433 3135; x_wconf 83' lang='lat' dir='ltr'><strong>illas</strong></span> <span class='ocrx_word' id='word_1_284' title='bbox 450 3081 649 3150; x_wconf 86' lang='lat' dir='ltr'><strong>pulcherrimas</strong></span> <span class='ocrx_word' id='word_1_285' title='bbox 667 3082 763 3151; x_wconf 79' lang='lat' dir='ltr'><strong>epulas</strong></span> <span class='ocrx_word' id='word_1_286' title='bbox 783 3097 828 3136; x_wconf 91' lang='lat' dir='ltr'><strong>me</strong></span> <span class='ocrx_word' id='word_1_287' title='bbox 847 3080 946 3137; x_wconf 84' lang='lat' dir='ltr'><strong>Idibus</strong></span> 
     </span>
     <span class='ocr_line' id='line_1_40' title="bbox 91 3153 946 3225; baseline 0.005 -18"><span class='ocrx_word' id='word_1_288' title='bbox 91 3154 202 3208; x_wconf 88' lang='lat' dir='ltr'><strong>Martiis</strong></span> <span class='ocrx_word' id='word_1_289' title='bbox 224 3153 386 3209; x_wconf 78' lang='lat' dir='ltr'><strong>invitasses!</strong></span> <span class='ocrx_word' id='word_1_290' title='bbox 411 3157 589 3225; x_wconf 78' lang='lat' dir='ltr'><strong>reliquiarum</strong></span> <span class='ocrx_word' id='word_1_291' title='bbox 609 3157 676 3211; x_wconf 91' lang='lat' dir='ltr'><strong>nihil</strong></span> <span class='ocrx_word' id='word_1_292' title='bbox 697 3157 868 3213; x_wconf 87' lang='lat' dir='ltr'><strong>haberemus.</strong></span> <span class='ocrx_word' id='word_1_293' title='bbox 904 3157 946 3211; x_wconf 79' lang='lat' dir='ltr'><strong>At</strong></span> 
     </span>
    </p>
   </div>
   <div class='ocr_carea' id='block_1_5' title="bbox 0 0 1132 3450">
    <p class='ocr_par' dir='ltr' id='par_1_6' title="bbox 0 0 1132 3450">
     <span class='ocr_line' id='line_1_41' title="bbox 0 0 1132 3450; baseline 0 0"><span class='ocrx_word' id='word_1_294' title='bbox 0 0 1132 3450; x_wconf 95' lang='lat' dir='ltr'><strong> </strong></span> 
     </span>
    </p>
   </div>
  </div>
 </body>
</html>
