2250 3450
113 132 145 176 84
340 130 380 180 M.
397 129 524 179 TULLII
546 126 739 176 CICERONIS

113 208 344 278 quemadmodum
356 210 497 279 praecipis,
505 209 621 279 privatis
632 207 721 262 literis
733 207 770 262 ad
780 207 883 262 bellum
895 225 966 264 com-

112 302 195 339 mune
211 303 307 340 vocare
323 305 377 342 non
394 288 496 341 desino.
533 287 586 351 Qui
599 287 702 340 utinam
709 285 769 354 jam
781 285 907 338 adesset:
926 286 966 337 in-

111 364 245 416 testinum
261 362 338 416 urbis
357 364 466 430 malum,
485 364 559 432 quod
579 365 622 416 est
640 379 694 415 non
712 362 858 428 mediocre,
875 361 966 413 minus

111 439 280 493 timeremus.
310 439 365 492 Sed
377 440 445 508 quid
455 440 523 506 agol
542 455 596 492 non
605 438 698 492 imitor
707 443 863 499 Λακωνισμὸν
872 441 964 490 tuum:

112 515 200 569 altera
212 515 272 583 jam
288 515 397 584 pagella
414 513 546 584 procedit.
586 515 671 568 Vince
688 516 717 567 ei
729 511 795 566 vale.
831 528 887 566 xrv.
902 513 964 568 Kal.

114 591 257 656 Quintiles

252 697 299 766 ia.
333 718 372 766 M.
391 717 519 767 cronno
536 717 561 766 s.
581 718 613 766 n.
632 717 670 766 M.
689 715 818 764 namo.
855 675 858 680 ¹

384 815 441 877 (ιιι.
454 817 477 863 4.
512 829 538 864 n.
552 827 578 863 u.
591 827 614 865 o.
628 813 695 878 708.)

113 896 150 948 A.
161 893 188 947 d.
202 909 239 948 m
258 894 322 948 Kal.
341 894 370 947 in
389 893 541 948 Cumanum
559 895 622 948 veni
640 911 702 948 oum
721 893 827 948 Libone
844 895 901 958 luo,
919 892 965 947 vel

111 972 205 1023 nostro
222 970 319 1038 potius.
356 970 391 1024 lri
408 970 606 1041 Pompeianum
623 971 718 1025 sialim
736 971 840 1038 cogito;
862 970 911 1023 sed
927 970 965 1022 la-

112 1046 300 1100 mementote
313 1046 466 1101 certiorem.
503 1047 542 1100 'Ie
554 1063 639 1115 quum
652 1063 761 1116 semper
773 1046 864 1100 valere
878 1045 965 1117 cupio,

15 1151 28 1174 ι
112 1125 173 1178 tum
190 1125 267 1177 certe
284 1122 351 1178 dum
374 1122 419 1177 hic
440 1140 541 1177 sumus.
579 1123 668 1177 Vides
686 1123 758 1177 enim
777 1126 879 1190 quanto
902 1125 965 1190 post

111 1216 167 1253 uno
186 1199 272 1254 futuri
299 1216 400 1253 sumus.
437 1200 528 1264 Quare
552 1200 576 1253 si
600 1199 675 1268 quod
699 1199 878 1252 constitutum
902 1214 964 1251 cum

113 1275 236 1344 podagra
256 1275 350 1344 habes,
374 1277 418 1329 fac
435 1279 468 1329 ut
487 1276 516 1328 iu
539 1277 623 1329 alium
641 1276 715 1330 diem
739 1275 857 1329 differas.
892 1274 966 1328 Cura

112 1351 199 1420 igitur
210 1355 242 1407 ui
254 1351 354 1420 valeas,
365 1355 395 1407 et
407 1367 451 1405 me
463 1353 515 1406 hoc
526 1351 613 1405 biduo
625 1355 674 1407 aui
686 1351 778 1406 triduo
790 1353 930 1421 exspecta.

359 1497 399 1546 29.
429 1497 556 1546 CICERO
574 1497 725 1546 PLANCO.

386 1609 421 1671 (x.
435 1610 474 1656 13.
509 1622 534 1658 A.
549 1621 575 1658 u.
590 1619 611 1658 o.
626 1607 692 1670 711.)

113 1696 155 1751 ut
170 1695 289 1766 primum
305 1694 371 1749 mihi
388 1698 511 1764 potestas
527 1695 594 1749 dala
610 1698 653 1749 est
668 1693 810 1762 augendae
822 1695 966 1764 dignitatis

112 1775 185 1840 tuae,
194 1772 262 1826 nihil
273 1772 446 1840 praetermisi
458 1772 486 1823 in
498 1775 527 1824 te
539 1770 660 1822 ornando
673 1770 747 1837 quod
760 1771 879 1837 positum
892 1776 966 1825 essct

114 1852 163 1902 aul
173 1849 202 1900 in
214 1848 333 1916 praemio
347 1847 458 1899 virtutis
474 1849 522 1898 aut
534 1845 563 1897 in
575 1844 677 1897 honore
689 1843 845 1898 verborum.
882 1844 917 1897 ld
930 1863 964 1899 ex

114 1922 174 1991 ipso
190 1921 438 1974 senatusconsulto
450 1920 554 1989 potoris
571 1935 740 1986 cognoscere.
774 1919 820 1972 Ita
836 1920 909 1973 enim
921 1922 964 1974 est

112 1997 296 2067 perscriptum
319 2000 351 2049 ul
375 2013 392 2049 a
414 1995 516 2049 mede
540 1995 642 2063 scripto
666 1993 741 2048 dicln
758 1995 896 2049 sententia
913 1998 964 2063 est,
991 2036 994 2041 .

115 2090 196 2145 quam
213 2075 324 2126 senatus
340 2072 472 2139 frequens
489 2074 601 2125 secutus
613 2073 657 2124 esi
669 2087 774 2124 summo
786 2071 878 2125 sludio
890 2088 965 2141 mag-

113 2166 203 2218 noque
220 2164 360 2202 consensu.
396 2148 455 2216 Ego
473 2164 638 2216 quamquam
658 2164 692 2201 ex
710 2148 765 2201 luis
782 2148 878 2214 liberis,
897 2165 965 2218 quas

113 2217 180 2281 inihi
203 2224 310 2287 misisti,
334 2241 527 2293 perspexeram
546 2228 576 2278 ie
596 2225 683 2293 magis
701 2223 808 2294 judicio
832 2224 965 2280 bonorum

114 2318 197 2371 quam
208 2300 359 2370 insignibus
371 2301 474 2369 gloriae
484 2301 623 2368 delectari,
633 2305 724 2357 tamen
738 2302 965 2357 considerandum

113 2378 192 2432 nobis
210 2377 371 2443 existimavi,
391 2378 498 2431 etiamsi
517 2380 549 2431 lu
567 2377 634 2431 nihil
652 2379 813 2447 postulares
833 2384 965 2447 quantum

113 2453 166 2508 tibi
178 2471 195 2508 a
206 2470 237 2507 re
249 2453 358 2522 publica
370 2452 527 2507 deberetur.
563 2453 605 2506 'Pu
621 2459 750 2508 contexes
763 2460 887 2509 extreme
903 2472 965 2509 eum

114 2530 216 2599 primia
253 2529 306 2594 Qui
321 2530 394 2584 enim
411 2529 449 2583 M.
466 2530 620 2584 Antonium
632 2532 808 2599 oppresserit,
822 2532 845 2585 is
862 2531 965 2585 bellum

113 2605 268 2660 confecerit.
296 2606 396 2674 Itaque
407 2606 546 2660 Homerus
557 2622 611 2659 non
621 2605 746 2674 Ajacem,
758 2624 809 2662 neo
819 2608 964 2673 Achillem,

113 2683 165 2737 sed
177 2683 287 2737 Ulixem
296 2682 445 2752 appellavit
457 2684 628 2744 πτολίπορθον.
666 2681 743 2738 Vale.

339 2827 377 2873 30.
407 2825 534 2874 CICERO
552 2825 693 2874 PLANCO
711 2826 736 2875 S.

384 2928 418 2986 (x.
438 2930 478 2979 14.
513 2943 539 2978 n.
553 2942 578 2978 u.
592 2942 614 2977 o.
629 2929 694 2991 711.)

115 3008 139 3062 0
154 3011 262 3076 matam
277 3009 378 3062 famam
392 3008 477 3062 biduo
492 3014 557 3063 ante
569 3010 711 3065 victoriam
725 3011 760 3067 de
772 3011 895 3067 subsidio
907 3017 963 3079 tuo,

115 3084 151 3137 de
160 3085 260 3153 studio,
269 3085 305 3139 de
313 3085 463 3153 celeritate,
473 3086 509 3140 de
521 3088 619 3156 copiis!
643 3090 737 3157 Atque
747 3088 830 3142 eliam
839 3088 965 3145 hostibus

114 3159 182 3212 farsis
202 3177 265 3229 spes
283 3161 371 3214 omnis
391 3164 435 3216 esi
453 3162 532 3217 inte.
570 3164 684 3231 Fugisso
705 3164 778 3219 enim
802 3181 837 3219 ex
859 3167 964 3245 praelio
1056 3220 1060 3225 .

1102 255 1116 354 l
