2250 3450
337 198 593 250 EPTSTOLARUM
610 200 712 250 LIBRI
728 201 810 250 DUO.
956 205 1002 252 101

152 279 235 336 velim
246 277 314 333 mihi
327 278 364 332 ad
374 279 472 333 urbem
488 283 599 348 praesto
611 279 649 334 sis
665 281 697 334 ut
714 279 771 334 tuis
786 280 905 336 consiliis
920 284 1005 351 atque

153 355 251 425 opibus
267 359 300 410 ut
317 355 444 409 consuevi
463 356 493 408 in
511 356 636 410 omnibus
657 356 740 410 rebus
755 360 825 412 utar.
862 358 1005 412 Dolabella

153 435 203 487 tuo
215 431 282 484 nihil
294 432 362 485 scito
373 432 441 485 mihi
455 448 515 486 esse
527 431 685 500 jucundius.
723 433 803 487 Hanc
815 434 884 489 adeo
896 432 1005 488 habebo

153 508 271 576 gratiam
290 508 347 574 illi;
371 524 462 578 neque
485 509 558 563 enim
582 509 662 563 aliter
681 509 773 564 facere
795 511 906 580 poterit,
925 513 1005 566 tanta

154 583 215 653 ejus
225 585 389 653 humanitas,
401 585 425 638 is
436 600 539 653 sensus,
551 585 623 640 eain
636 601 680 638 me
692 589 735 640 est
746 586 943 642 benevolentia.

316 711 355 788 ll.
389 709 544 759 SERVIUS
561 709 740 769 CICERONI,
759 711 784 760 S.
803 711 833 760 P.

414 796 461 859 (vv.
480 799 519 844 12.
554 809 580 845 n.
593 808 618 844 u.
632 808 654 846 e.
674 794 740 859 too.)

155 886 217 941 Etsi
230 885 286 940 scio
301 902 356 939 non
367 883 598 954 jucundissimum
613 900 658 938 me
671 884 798 938 nuntium
814 883 892 938 vobis
907 883 1004 939 allatu-

153 979 224 1030 rum,
243 965 344 1030 tamen,
363 961 490 1030 qnoniam
508 977 588 1014 casus
606 963 636 1015 et
654 963 753 1015 natura
771 961 800 1014 in
820 960 899 1014 nobis
919 961 1004 1014 domi-

153 1043 243 1106 natur,
254 1037 343 1092 visum
355 1040 398 1092 est
408 1036 565 1092 faciendum
578 1052 686 1104 quoquo
698 1037 779 1090 modo
792 1053 837 1090 res
849 1053 878 1092 se
890 1037 1005 1091 haberet

153 1133 201 1171 vos
217 1116 347 1169 certiores
359 1114 457 1169 facere.
494 1116 529 1168 A.
548 1113 575 1166 d.
591 1129 618 1166 x.
637 1112 698 1165 Kal.
712 1113 777 1166 Jun.
791 1129 876 1182 quum
893 1113 928 1166 ab
943 1114 1005 1182 Epi-

153 1193 240 1246 dauro
264 1191 408 1245 Piraeeum
431 1191 495 1244 navi
515 1190 646 1243 advectus
670 1206 766 1258 essem,
787 1189 826 1242 ibi
845 1190 1005 1243 Marcellum

153 1270 284 1336 collegam
296 1272 421 1321 nostrum
437 1267 557 1334 conveni,
572 1283 690 1334 cumque
707 1265 781 1327 diem
797 1265 836 1318 ibi
852 1267 1006 1334 consumpsi

153 1348 186 1399 ut
204 1361 266 1399 cum
285 1360 318 1398 eo
334 1360 430 1397 essem.
467 1343 582 1396 Postero
599 1342 644 1394 die
664 1359 748 1410 quum
766 1342 801 1396 ab
817 1359 850 1397 eo
866 1343 1006 1411 digressus

154 1438 243 1476 essem
266 1437 298 1474 eo
322 1420 434 1474 consilio
457 1422 490 1473 ut
514 1417 549 1472 ab
574 1418 693 1471 Athenis
716 1419 745 1471 in
769 1419 913 1473 Boeotiam
935 1419 1005 1473 irem

154 1497 345 1565 reliquamque·
358 1494 580 1563 jurisdictionem
596 1493 773 1564 absolverem,
789 1495 843 1564 ille,
857 1499 890 1549 ut
906 1495 1005 1564 aiebat,

153 1590 236 1642 snpra
259 1572 377 1626 Maleam
401 1570 453 1640 [in]
478 1571 588 1624 Italiam
615 1588 711 1625 versus
737 1573 913 1640 navigaturus
938 1576 1005 1628 erat.

153 1650 221 1704 Post
233 1649 307 1704 diem
319 1647 434 1702 tertium
446 1645 506 1715 ejus
518 1647 582 1714 diei,
595 1664 680 1716 quum
692 1647 727 1702 ab
740 1649 859 1703 Athenis
870 1649 1005 1718 proticisci

151 1728 181 1782 in
192 1727 283 1781 animo
294 1726 432 1794 haberem,
444 1724 554 1778 circiter
564 1724 633 1778 hora
645 1724 751 1779 decima
762 1726 850 1781 noctis
863 1727 895 1781 P.
910 1728 1006 1782 Postu-

151 1804 230 1872 mius,
242 1802 383 1857 familiaris
395 1802 463 1870 ejus,
475 1800 512 1853 ad
528 1801 668 1870 mevenit,
685 1805 715 1856 et
732 1802 798 1856 mihi
814 1803 952 1857 nuntiavit
966 1802 1004 1857 M.

152 1880 320 1948 Marcellum,
340 1878 472 1947 collegam
496 1881 629 1947 nostrum,
653 1882 717 1947 post
737 1896 837 1933 caenae
860 1882 1005 1950 tempusa

152 1956 182 2011 P.
195 1956 288 2025 Magio
301 1957 403 2024 Cilone,
414 1955 541 2009 familiari
553 1954 622 2023 ejus,
635 1955 753 2023 pugione
769 1973 928 2025 percussum
944 1973 1005 2011 esse

151 2036 182 2087 et
193 2032 247 2086 duo
258 2033 372 2087 vulnera
382 2033 525 2102 accepisse,
537 2047 623 2084 unum
639 2032 668 2083 in
687 2032 833 2102 stomacho,
845 2034 963 2089 alterum
975 2033 1005 2088 in

151 2108 242 2177 capite
265 2109 414 2161 secundum
438 2124 547 2173 aurem3
571 2124 682 2176 sperare
709 2111 803 2163 tamen
826 2126 889 2164 enm
912 2110 1004 2165 vivere

151 2200 248 2252 posse:
276 2183 400 2251 Magium
426 2200 456 2237 se
484 2184 574 2251 ipsum
603 2184 788 2239 interfecisse:
813 2190 908 2253 postea
935 2204 965 2241 se
988 2204 1005 2241 a

152 2259 282 2314 Marcello
307 2259 343 2312 ad
364 2275 408 2312 me
431 2258 545 2311 missum
564 2275 626 2312 esse
650 2260 698 2327 qui
722 2260 789 2314 haec
811 2263 952 2317 nuntiaret
976 2267 1005 2317 et

151 2339 264 2405 rogaret
275 2335 317 2389 nti
334 2334 454 2388 medicos
472 2333 628 2403 [cogerem].
665 2335 756 2403 Ooegi‚
769 2339 798 2390 et
814 2338 959 2406 evestigio
971 2355 1004 2393 eo

152 2430 213 2467 sum
224 2413 363 2482 proiectus
378 2410 467 2480 prima
482 2410 551 2464 luce.
589 2410 679 2475 Quum
695 2428 749 2465 non
765 2412 875 2481 longea
891 2415 1004 2471 Piraeeo

151 2489 283 2556 abessem,
296 2504 365 2556 puer
375 2486 490 2547 ‚Acidini
501 2486 609 2540 obviam
622 2487 688 2541 mihi
701 2488 777 2542 venit
789 2506 851 2543 oum
867 2491 1004 2561 codicillis,

151 2565 180 2618 in
199 2564 298 2635 quibus
318 2567 378 2617 erat
397 2563 530 2632 scripturn
547 2563 639 2632 paullo
656 2567 721 2619 ante
738 2565 826 2620 lucem
843 2566 1004 2622 Marcellum

151 2641 225 2695 diem
238 2657 317 2695 suum
329 2640 426 2694 obisse.
459 2641 504 2694 Ita
516 2641 559 2694 vir
570 2640 736 2697 clarissimus
747 2641 783 2696 ab
791 2643 903 2697 ,homine
916 2645 1005 2699 ‹leter-

128 2718 221 2772 *rimo
244 2716 419 2771 acerbissima
447 2720 536 2771 morte
564 2721 608 2772 est
637 2718 757 2788 affectus,
782 2724 812 2773 et
835 2720 880 2773 cui
903 2720 1005 2776 inimici

150 2797 264 2864 propter
276 2793 439 2861 dignitatem
450 2798 638 2863 pepercerant,
648 2795 776 2850 inventus
789 2800 832 2851 est
844 2798 947 2853 amicus
957 2800 1005 2869 qui

150 2871 177 2925 ei
192 2875 310 2925 mortem
327 2870 446 2925 afferret
484 2871 543 2938 Ego
559 2875 652 2925 tamen
669 2872 705 2925 ad
723 2872 930 2931 tabernaculum
945 2874 1004 2944 ejus

149 2947 266 3016 perrexi.
304 2947 400 3000 Inveni
417 2947 485 3001 dnos
499 2948 614 3001 libertos
631 2952 660 3003 et
675 2950 804 3019 pauculos
817 2968 915 3006 servos.
945 2952 1006 3006 -Re-

149 3023 239 3093 liquos
262 3022 373 3079 aiebant
396 3028 550 3096 profugisse
574 3031 651 3081 metu
671 3028 842 3098 perterritos,
863 3028 937 3096 quod
957 3029 1005 3081 do

149 3102 238 3155 minus
267 3120 363 3157 eorum
393 3107 458 3159 ante
478 3105 695 3160 tabernaculum
731 3107 895 3161 interfectus
924 3109 1004 3160 esset.

150 3177 267 3233 Ooaetus
279 3198 339 3235 sum
351 3183 380 3235 in
392 3182 489 3237 eadem
501 3183 548 3237 illa
559 3182 657 3237 lectica
669 3200 724 3252 qua
735 3184 794 3253 ipse
808 3185 916 3239 delatus
929 3198 1003 3238 eram

148 3256 271 3375 meoisque
292 3258 438 3313 lecticariis
461 3260 491 3313 in
505 3261 603 3316 urbem
623 3277 686 3315 eum
707 3261 819 3329 referre,
843 3260 937 3328 ibique
952 3272 1003 3325 pro
