2250 3450
405 449 446 504 M.
465 447 598 503 runnu
617 433 821 506 menuctus

184 623 187 628 ’
211 624 384 698 LAIILIUS
406 607 496 697 SlVll
518 623 572 697 DE
594 623 783 698 AMICITIA
801 624 1012 699 DIleGUS.

244 959 267 1012 Ι.
304 965 325 1014 1.
362 957 393 1024 Q.
406 958 513 1014 Mucius
527 976 615 1028 augur
629 958 717 1012 multa
731 970 844 1010 narrare
852 953 888 1009 de
901 953 930 1008 0.
945 952 1039 1007 LaeIIo

190 1051 283 1088 socero
303 1051 351 1088 suo
370 1035 529 1090 memoriter
545 1039 575 1089 et
585 1033 709 1103 jucunde
723 1030 829 1085 solebat
845 1046 896 1084 nec
911 1029 1039 1083 dubitare

188 1111 265 1164 illum
277 1112 305 1164 in
318 1111 390 1164 omni
404 1128 528 1165 sermone
539 1111 677 1181 appellare
689 1107 846 1177 sapientem.
875 1106 934 1174 Ilgo
946 1113 1039 1162 antem

188 1203 205 1240 a
221 1190 300 1254 patre
315 1188 355 1242 ita
373 1205 448 1241 eram
461 1188 598 1242 deductus
613 1187 650 1240 ad
666 1184 822 1239 Scaevolam
840 1188 950 1252 sumpte
967 1184 1039 1238 virili

188 1267 260 1332 toga,
271 1267 303 1317 ut
316 1263 407 1332 quoad
419 1280 527 1332 possem
540 1267 570 1317 et
582 1263 677 1316 liceret
689 1278 706 1314 a
717 1261 790 1314 senis
802 1260 890 1314 latere
901 1278 1039 1329 nunqnam

189 1339 367 1393 discederem.
406 1339 505 1407 Itaque
522 1339 610 1392 multa
625 1337 661 1391 ab
677 1355 711 1392 eo
727 1336 879 1406 prudenter
891 1339 1038 1408 disputata,

189 1415 276 1468 multa
300 1415 382 1468 etiam
406 1414 527 1468 breviter
537 1417 566 1467 ct
577 1413 720 1467 commode
729 1413 804 1469 dicta
812 1416 959 1469 memoriae
967 1433 1040 1470 man-

190 1489 297 1554 dabam,
309 1490 424 1559 fierique
439 1489 585 1543 studebam
599 1489 659 1558 ejus
671 1490 819 1560 prudentia
831 1491 943 1546 doctior.
979 1493 1040 1557 Quo

190 1569 298 1635 mortuo
310 1583 354 1620 me
364 1566 400 1619 ad
411 1566 570 1635 pontificem
580 1567 736 1621 Scaevolam
746 1568 856 1624 contuli.
865 1586 945 1638 quem
955 1586 1039 1622 unum

190 1645 299 1696 nostrae
311 1641 430 1696 civitatis
443 1647 471 1698 et
485 1643 595 1713 ingenio
611 1649 640 1699 et
651 1645 762 1712 justitia
775 1646 1038 1715 praestantissimum

190 1719 278 1774 audeo
293 1718 391 1775 dicere.
429 1719 485 1775 sed
501 1719 537 1775 de
552 1720 605 1776 hoc
620 1721 698 1776 alias:
717 1740 788 1776 nnnc
803 1722 887 1787 redeo
903 1724 940 1776 ad
955 1740 1039 1791 augu-

190 1813 256 1851 rem
288 1802 309 1849 2.
331 1797 420 1861 Quum
433 1814 515 1867 saepe
526 1799 621 1865 multa,
635 1802 694 1852 tum
707 1799 818 1852 memini
831 1799 905 1853 domi
916 1800 944 1851 in
956 1799 1040 1854 hemi-

166 1912 169 1918 ·
190 1873 272 1941 cyolio
290 1873 440 1941 sedentem,
456 1878 488 1928 ut
503 1874 615 1944 solebat,
629 1892 713 1943 quum
728 1878 757 1928 et
772 1892 823 1944 ego
839 1892 927 1930 essem
942 1893 996 1929 una
1010 1880 1040 1930 et

189 1950 267 2019 pauci
285 1950 432 2004 admodum
449 1950 607 2018 familiares,
619 1951 647 2005 in
664 1968 727 2005 eum
744 1968 897 2006 sermonem
912 1952 990 2006 illum
1001 1952 1040 2005 in-

190 2026 280 2081 cidere
297 2027 344 2096 qui
362 2029 422 2080 tum
439 2027 853 2097 fere[01nnibus]eratinoro.
888 2028 1040 2082 MemInisti

190 2104 262 2157 enim
273 2103 403 2171 profecto,
417 2103 518 2179 Attice,
531 2107 560 2157 et
573 2121 605 2157 eo
617 2104 704 2173 magis
716 2103 790 2173 quod
805 2104 836 2159 P.
850 2105 968 2174 Sulpicio
981 2108 1041 2159 ute

189 2179 256 2233 bare
274 2179 397 2244 multum,
414 2196 499 2248 quum
518 2179 541 2233 is
561 2180 690 2235 tribunus
709 2180 798 2249 plebis
816 2180 926 2250 capitali
945 2180 1041 2234 odioa

191 2256 222 2321 Q.
244 2256 372 2325 Pompeio
394 2256 522 2324 quitum
546 2261 607 2311 erat
631 2257 724 2311 consul
747 2256 903 2325 dissideret,
923 2273 1040 2326 quocum

188 2332 409 2401 conjunctissime
434 2338 463 2388 et
490 2334 675 2387 amantissime
699 2335 814 2399 vixerat,
839 2336 943 2402 quanta
967 2337 1041 2387 essct

188 2409 328 2462 hominum
348 2409 392 2462 rel
417 2409 561 2463 admiratio
583 2410 626 2463 vel
648 2409 767 2479 querela
811 2416 834 2463 3.
861 2409 959 2478 ltaque
980 2413 1040 2463 tum
1107 2440 1113 2455 ·

190 2485 326 2553 Scaevola,
339 2502 423 2554 quum
437 2486 465 2539 in
479 2502 539 2539 eam
551 2486 640 2555 ipsam
654 2486 821 2540 mentionem
835 2484 984 2550 incidisset,
995 2502 1041 2539 cx-

190 2561 281 2630 posuit
299 2561 377 2617 nobis
396 2579 549 2617 sermonem
570 2563 656 2617 Laelii
676 2562 712 2616 de
730 2563 849 2618 amicitia
864 2562 988 2616 habitum
1005 2565 1041 2619 ab

189 2637 236 2691 illo
253 2654 344 2694 seeum
357 2643 459 2694 etcum
475 2640 562 2694 altero
577 2657 679 2709 genero
693 2640 722 2694 Ο.
735 2640 840 2693 Fannio
854 2639 893 2693 M.
906 2640 936 2694 Il.
948 2642 1041 2709 paucis

190 2715 287 2769 diebus
306 2719 501 2785 postmortem
519 2716 650 2771 Africani.
689 2715 756 2785 Ejus
773 2717 966 2786 disputationis
982 2735 1042 2772 sen-

190 2792 291 2846 tentias
305 2795 452 2849 memoriae
467 2794 604 2859 mandavi,
618 2812 686 2863 quas
701 2794 753 2849 hoc
764 2795 834 2854 libro
846 2795 960 2865 exposui
972 2794 1043 2849 arbi-

108 2882 111 2889 *
191 2872 266 2926 tratu
283 2886 359 2935 meo;
382 2872 460 2939 quasi
476 2872 547 2925 enim
566 2871 639 2941 ipsos
655 2871 751 2926 induxi
768 2872 917 2939 loquentes,
934 2888 969 2925 ne
989 2871 1043 2923 ‘in-

190 2946 282 3014 quam’
296 2950 324 3000 et
337 2948 449 3017 ‘inquit’
465 2948 574 3016 saepius
589 2948 818 3017 interponeretur,
830 2951 914 3016 atque
928 2951 961 3000 ut
973 2950 1042 2999 tam-

190 3038 273 3090 quam
296 3038 313 3075 a
335 3024 525 3091 praesentibus
547 3018 638 3077 coram
662 3024 758 3077 haberi
782 3040 871 3077 sermo
894 3022 1041 3075 videretur.

193 3098 282 3162 Quum
299 3099 373 3152 enim
388 3116 468 3167 saepe
482 3116 589 3154 mecum
604 3116 700 3167 ageres
714 3103 746 3151 ut
759 3099 794 3152 de
808 3096 929 3151 amicitia
944 3096 1044 3147 scribe

193 3188 251 3227 rem
267 3174 377 3243 aliquid,
397 3176 480 3243 digna
497 3176 564 3229 mihi
586 3191 632 3229 res
649 3191 733 3244 quum
752 3174 871 3226 omnium
890 3170 1044 3237 cognitione

480 3262 496 3295 ο
