2250 3450
142 152 190 200 104
374 148 413 198 M.
430 149 557 200 TULLII
575 150 765 201 CICERONIS

139 231 277 303 primariis
288 234 402 300 nuptam
414 230 498 285 fuisse
508 251 515 297 ;
533 230 658 286 omnibus
676 231 755 286 bonis
767 247 853 301 prope
864 233 990 302 perfunc-

138 313 197 363 tam
213 325 288 374 esse3
312 325 395 377 quum
411 324 456 361 res
473 307 584 376 publica
598 308 744 375 occideret,
760 309 818 362 vita
833 310 988 366 excessisse.

139 386 213 450 Quid
225 388 268 438 est
280 384 354 452 quod
365 388 396 437 tu
408 389 457 436 aut
468 383 515 437 illa
527 401 589 438 cum
602 385 710 439 fortuna
726 384 777 438 hoc
789 385 899 439 nomine
911 390 989 454 queri

136 462 265 532 possitisi
301 460 426 529 Denique
441 460 497 514 noli
514 465 543 515 te
558 460 682 514 oblivisci
700 461 859 515 Ciceronem
876 479 943 531 esse,
960 468 988 519 ei

137 555 200 592 eum
219 538 266 606 qui
284 537 344 590 aliis
361 537 500 592 consueris
518 537 677 607 praecipere
696 540 726 591 et
743 537 810 590 dare
834 539 988 606 consilium;

137 631 227 683 neque
238 613 348 668 imitare
359 613 446 667 malos
458 614 587 681 medicos,
601 613 648 681 qui
660 613 688 666 in
700 613 796 667 alienis
811 615 913 668 morbis
928 633 987 684 pro.

137 691 253 745 litentur
270 694 366 745 tenere
387 707 416 744 se
436 691 589 744 medicinae
608 690 755 756 scientiam,
773 690 825 760 ipsi
845 707 989 747 securare

137 784 191 821 non
202 770 332 836 possunt;
349 767 399 820 sod
410 767 501 835 potius
513 783 584 835 quae
596 767 657 820 aliis
666 770 728 820 tute
740 767 897 837 praecipere
909 768 988 844 soles,

137 859 170 897 ea
182 846 243 897 tute
251 843 303 897 tibi
315 843 420 911 subjice
429 847 513 911 atque
522 842 597 912 apud
607 843 726 897 animum
735 860 862 912 propone.
889 843 989 898 Nullus

137 919 216 974 dolor
234 923 278 974 est
298 936 381 988 quem
398 936 453 973 non
473 918 658 987 longinquitas
677 920 810 989 temporis
830 920 936 974 minuat
955 938 988 974 ac

137 995 250 1050 molliat.
287 995 394 1049 Hecto
412 998 572 1062 exspectare
597 998 705 1065 tempus
724 995 775 1049 tibi
793 998 874 1064 turpe
895 1001 937 1051 est
955 1014 989 1051 ae

137 1088 190 1125 non
202 1071 228 1126 ei
241 1071 282 1125 rei
294 1071 429 1140 sapientia
441 1074 489 1125 tua
500 1074 529 1124 te
541 1087 692 1124 occurrere.
719 1071 799 1137 Quod
811 1071 891 1140 siqui
903 1073 987 1126 etiam

137 1147 231 1202 inferis
244 1163 339 1201 sensus
350 1151 401 1216 est,
413 1146 460 1214 qui
472 1146 547 1199 illius
558 1147 588 1199 in
600 1150 629 1200 to
641 1163 717 1200 amor
732 1147 786 1201 fuit
801 1147 945 1216 pietasque
958 1149 987 1202 in

137 1239 231 1278 omnes
242 1239 313 1290 suos,
325 1223 377 1276 hoc
387 1226 463 1277 certe
474 1222 521 1275 illa
533 1225 561 1276 te
574 1223 663 1276 facere
675 1239 728 1276 non
740 1222 805 1276 vult.
832 1222 875 1276 Da
886 1223 936 1276 hoc
945 1224 987 1279 illi

136 1304 275 1365 mortuae3
289 1298 326 1352 da
335 1299 434 1352 ceteris
443 1298 536 1351 amicis
545 1314 578 1351 ac
586 1297 764 1351 familiaribus
777 1297 823 1364 qui
836 1301 883 1351 tuo
892 1298 986 1354 dolore

137 1378 274 1441 maerent3
298 1375 334 1428 da
347 1375 462 1443 patriae,
478 1376 511 1427 nt
524 1373 548 1427 si
564 1374 661 1441 quain
677 1390 708 1428 re
724 1383 791 1444 opus¹
806 1373 842 1427 sit
858 1390 940 1443 opera
955 1379 987 1430 et

136 1451 247 1506 consilio
258 1455 307 1504 tuo
318 1451 361 1504 uti
372 1449 466 1518 possit.
503 1449 630 1517 Denique
642 1449 770 1518 quoniam
782 1449 810 1502 in
823 1466 884 1504 eam
899 1450 986 1505 fortu-

136 1544 200 1580 nam
212 1527 371 1581 devenimus
387 1529 419 1580 ut
436 1525 520 1578 ctiam
535 1525 599 1578 huic
610 1525 651 1578 rei
666 1526 743 1580 nobis
756 1526 927 1580 serviendum
940 1527 985 1596 sit,

136 1603 191 1657 noli
208 1603 379 1657 committere
396 1604 428 1655 ut
446 1600 590 1669 quisquam
608 1605 637 1656 te
654 1605 735 1672 putet
751 1619 805 1655 non
822 1605 880 1656 tam
899 1602 985 1658 filiam

137 1695 219 1747 qumn
230 1679 270 1733 rei
286 1678 411 1748 publicae
423 1683 547 1746 tempora
559 1681 589 1732 et
601 1677 715 1732 aliorum
727 1678 870 1733 victoriam
881 1680 983 1749 lugere.

138 1755 221 1809 Plura
231 1772 276 1809 me
287 1754 324 1808 ad
335 1758 364 1808 te
376 1753 412 1807 de
424 1753 474 1806 hac
485 1769 516 1805 re
528 1753 648 1808 scribere
660 1755 756 1823 pudet,
768 1771 803 1808 ne
815 1755 909 1809 videar
919 1773 984 1825 pru-

136 1830 246 1885 dentiae
258 1834 323 1884 tuae
334 1829 465 1882 diffidere.
502 1828 600 1896 Quare,
614 1828 636 1883 si
652 1829 702 1883 hoc
713 1847 797 1883 unum
809 1846 983 1901 proposuero,

136 1907 217 1959 finem
235 1906 332 1960 faciam
350 1903 493 1958 scribendi.
530 1904 658 1959 Vidimus
675 1905 820 1974 aliquoties
836 1908 984 1973 secundam

136 1980 317 2050 pulcherrime
334 1982 363 2033 te
380 1980 453 2034 ferre
471 1980 617 2049 fortunam,
629 1998 810 2051 magnamque
821 1999 856 2037 ex
867 1999 901 2037 ea
911 1999 942 2037 re
953 1986 984 2039 te

135 2056 245 2109 laudem
268 2055 370 2125 apisci3
399 2055 442 2109 fac
462 2055 609 2124 aliquando
633 2057 815 2126 intelligamus
839 2058 983 2115 adversam

135 2148 244 2201 quoque
264 2135 294 2186 to
314 2148 401 2201 aeque
425 2130 497 2185 ferre
517 2149 605 2201 posse,
626 2150 717 2202 nequo
737 2134 767 2187 id
788 2135 876 2203 nicius
900 2152 982 2203 quam

135 2208 236 2262 debeat
251 2208 303 2262 tibi
319 2224 387 2261 onus
402 2206 498 2274 videri,
511 2224 545 2262 ne
561 2226 597 2261 ex
613 2209 739 2263 omnibus
755 2210 903 2265 virtutibus
915 2212 982 2267 haec

133 2301 189 2338 una
197 2284 248 2339 tibi
260 2284 387 2338 videatur
399 2283 501 2337 deesse.
538 2284 619 2348 Quod
630 2285 666 2337 ad
678 2301 722 2339 me
734 2286 841 2351 attinet,
853 2302 937 2353 qumn
952 2290 983 2342 te

133 2360 351 2429 tranquilliorem
374 2359 464 2413 animo
482 2376 542 2414 esse
559 2377 686 2428 cognoro,
704 2360 740 2414 de
757 2361 791 2415 iis
808 2361 891 2415 rebus
912 2378 982 2431 quae

133 2436 178 2490 hic
195 2440 336 2505 geruntur,
355 2435 642 2505 quemadmodumque
661 2452 692 2490 se
712 2437 849 2506 provincia
871 2437 981 2508 habeat,

133 2513 279 2568 certiorem
290 2513 393 2567 faciam.
430 2511 506 2565 Vale.

237 2639 276 2687 13.
311 2636 350 2685 M.
368 2634 497 2685 CICERO
514 2635 539 2684 S.
555 2635 589 2683 D.
608 2636 680 2685 snit.
700 2636 875 2688 SULPIOIO.

407 2724 453 2786 (ιν.
466 2726 488 2773 6.
523 2737 549 2773 s.
563 2736 588 2773 u.
602 2736 624 2773 c.
638 2724 707 2790 709.)

134 2824 193 2892 Ego
211 2838 284 2889 vero,
297 2822 381 2891 Servi,
395 2822 502 2886 vellem,
517 2825 550 2875 ut
569 2821 674 2889 scribis,
696 2823 723 2876 in
742 2840 803 2878 meo
821 2822 982 2891 gravissimo

133 2915 197 2953 casu
215 2897 355 2951 adfuisses.
392 2898 531 2962 Quantum
549 2896 622 2949 enim
640 2914 770 2967 praesens
787 2914 832 2952 me
850 2898 982 2966 adjuvare

133 2973 255 3039 potueris
267 2977 296 3027 et
307 2972 469 3026 consolando
480 2975 509 3025 et
520 2988 607 3041 prope
619 2989 706 3041 aeque
718 2973 843 3041 dolendo,
856 2974 935 3027 facile
947 2991 983 3027 ex

133 3048 295 3115 cointelligo
304 3047 379 3115 quod
390 3046 477 3100 literis
488 3045 567 3099 lectis
576 3046 745 3116 aliquantum
754 3049 884 3117 acquievi
909 3049 935 3103 N
937 3066 983 3103 am

133 3127 204 3177 etea
212 3122 344 3190 scripsisti
353 3139 424 3191 quae
432 3122 523 3175 levare
532 3122 636 3176 luctum
648 3129 768 3193 possent,
781 3129 811 3179 et
822 3126 850 3178 in
864 3142 908 3181 mo
920 3142 984 3179 con-

133 3197 246 3251 solando
260 3213 313 3249 non
330 3197 494 3251 mediocrem
508 3195 568 3265 ipse
584 3200 666 3253 animi
682 3200 803 3254 dolorem
819 3200 981 3255 adhibuisti.
