2250 3450
100 139 132 186 30
328 133 366 182 M.
384 134 512 182 TULLII
529 135 719 186 CICERONIS

99 217 160 270 tum
169 215 264 268 nostra
272 212 458 266 familiaritate
466 213 525 267 visa
535 218 585 268 est
614 216 714 284 Itaque
723 216 775 269 feei
784 232 839 270 non
848 215 953 271 inritus
1055 224 1059 230 “

100 295 132 344 ut
148 289 307 358 prodessem
321 288 415 342 multis
431 294 530 356 rogatu
546 294 602 346 tuo.
638 298 662 344 4.
683 293 739 345 Sed
755 293 831 346 utin
847 293 952 348 Catone

100 366 213 434 Majore‚
235 365 282 434 qui
302 369 344 420 est
363 366 480 434 scriptus
500 367 536 420 ad
554 367 632 422 tede
650 371 800 436 senectute,
820 368 952 423 Catonem

99 441 196 496 induxi
210 458 303 497 senem
319 442 513 510 disputantem,
531 444 597 512 quia
611 445 685 498 nulla
700 444 847 498 videbatur
861 446 952 514 aptior

98 536 215 588 persona
229 535 298 588 quae
316 517 352 572 de
369 517 416 571 illa
436 521 527 572 aetate
542 519 710 588 loqueretur,
727 537 809 590 quam
828 520 889 588 ejus
904 522 952 590 qui

99 596 294 650 etdiutissime
308 611 392 650 senex
408 594 510 650 fuisset·
521 598 551 648 et
564 595 593 649 in
609 596 668 666 ipsa
684 599 826 650 senectute
839 600 951 665 praeter

98 669 205 726 ceteros
223 672 374 736 floruisset3
400 671 446 739 sie,
465 689 550 741 quum
569 674 767 742 accepissemus
788 689 805 726 a
824 673 950 742 patribus

98 749 216 802 maxime
235 748 438 802 memorabilem
460 748 489 801 O.
503 748 589 803 Laelii
608 752 638 804 et
652 750 689 806 -Ρ,
703 749 835 818 Scipionis
853 749 951 804 famili-

98 827 225 880 aritatem
236 827 327 894 fuisse,
341 824 438 879 idonea
450 824 516 878 mihi
529 825 615 880 Laelii
629 843 746 896 persona
754 826 812 880 visa
824 828 867 879 est
880 843 951 894 quae

98 901 134 956 de
150 903 269 956 amicitia
283 919 316 955 ea
329 903 389 970 ipsa
401 902 550 956 dissereret
563 919 633 971 quae
650 902 791 970 disputata
802 901 838 955 ab
850 918 883 956 ec
894 919 951 957 me

97 977 221 1030 minisset
240 977 375 1031 Scaevola.
413 977 506 1030 Genus
524 981 617 1030 autem
635 978 687 1032 hoc
705 994 860 1032 sermonum
881 978 951 1047 posi-

97 1054 157 1105 tum
175 1054 203 1104 in
222 1052 361 1105 hominum
380 1056 504 1107 veterum
527 1054 690 1108 auctoritate
713 1057 856 1107 eteorum
877 1054 950 1107 illus

97 1128 181 1180 trium
195 1128 257 1197 plus
276 1130 434 1198 nescioquo
451 1133 532 1198 paeto
546 1129 657 1183 videtur
675 1130 778 1183 bebere
796 1130 948 1198 gravitatis.

98 1203 197 1272 Itaque
209 1204 269 1273 ipse
280 1221 342 1257 mea
353 1205 447 1272 legens
459 1204 497 1258 sic
509 1205 611 1258 afficior
622 1205 762 1258 interdum
774 1208 807 1258 ut
816 1205 948 1259 Catonem

96 1295 150 1332 non
174 1296 218 1333 me
238 1280 313 1349 loqui
334 1281 494 1334 existimem.
532 1287 555 1334 5.
583 1280 638 1335 Sed
661 1284 693 1334 ut
713 1285 773 1334 tum
797 1281 834 1333 ad
853 1297 947 1335 senem

97 1371 180 1408 senex
192 1355 227 1409 de
239 1359 385 1420 senectute
399 1356 437 1409 sic
448 1356 499 1410 hoc
511 1357 581 1410 libro
590 1357 627 1410 ad
638 1357 754 1410 amicum
768 1356 948 1410 amicissimus

95 1433 130 1485 de
155 1432 271 1486 amicitia
297 1431 399 1498 scripsi.
436 1431 504 1484 Tum
527 1435 571 1486 est
592 1433 660 1486 Cato
684 1432 791 1486 locutus
810 1449 865 1500 quo
887 1437 948 1486 erat

95 1522 174 1558 nemo
197 1508 255 1560 fere
279 1508 369 1561 senior
390 1509 559 1576 temporibus
584 1508 645 1575 illis,
666 1525 746 1562 nemo
770 1507 946 1576 prudentior:

94 1597 166 1636 nunc
181 1582 289 1636 Laelius
303 1587 332 1637 et
348 1584 463 1652 sapiens,
479 1583 518 1637 sio
532 1585 604 1638 enim
622 1588 665 1637 cst
679 1584 799 1651 habitus,
812 1587 842 1637 et
857 1583 948 1637 amici-

94 1656 150 1710 tiae
170 1658 256 1727 gloria
277 1659 412 1712 excellens
433 1659 469 1713 de
490 1659 610 1713 amicitia
630 1660 758 1729 loquitur.
802 1659 843 1711 'In
864 1659 946 1713 velim

94 1734 248 1788 animumn
266 1751 310 1788 me
327 1752 474 1804 parumper
492 1741 607 1804 avertas,
621 1734 744 1789 Laelium
762 1735 837 1803 loqui
855 1735 945 1803 ipsum

94 1813 181 1877 putes.
218 1811 247 1865 0.
267 1810 387 1864 Fannius
407 1815 435 1865 et
455 1812 487 1876 Q.
505 1812 613 1865 Mucius
631 1811 668 1863 ad
687 1825 811 1863 socerum
831 1811 946 1865 veniunt

94 1889 290 1954 postmortem
305 1887 441 1943 Africani:
461 1889 496 1942 ab
513 1888 556 1941 bis
575 1903 664 1941 sermo
682 1885 778 1952 oritur,
796 1887 945 1953 respondet
960 1909 963 1914 ·

96 1961 211 2037 Laelius,
236 1963 313 2031 cujus
337 1966 397 2017 tota
418 1964 567 2031 disputatio
590 1966 634 2017 e'st
658 1961 694 2015 de
716 1961 843 2030 amicitia,
863 1961 945 2031 qu'am

94 2036 187 2105 legens
203 2038 236 2090 tu
259 2040 288 2091 te
307 2039 395 2109 ipsum
409 2056 560 2108 cognosces,

147 2114 186 2167 ΙΙ.
223 2119 247 2168 6.
266 2116 399 2171 Firmus.
437 2116 507 2169 Sunt
521 2116 582 2180 ista,
597 2114 680 2183 Laeli,
694 2131 745 2168 nec
758 2114 831 2169 enim
848 2115 945 2169 melior

94 2189 136 2241 vir
146 2190 199 2245 fuit
213 2191 342 2244 Africano
356 2193 499 2261 quisquam
514 2208 564 2245 nec
576 2191 680 2246 clarior.
717 2191 772 2245 Sed
787 2190 945 2244 existimare

95 2265 179 2319 debcs
195 2268 314 2320 omnium
331 2268 421 2323 oculos
439 2268 551 2321 nuncin
567 2270 596 2321 te
615 2284 675 2321 csse
692 2266 843 2335 conjectcs;
860 2282 943 2318 unum

94 2344 124 2394 te
138 2343 288 2410 sapientem
307 2346 337 2397 et
356 2344 494 2412 appellant
512 2346 541 2397 ct
559 2343 724 2397 existimant.
761 2340 944 2394 Tribuebatur

94 2417 144 2470 boc
163 2419 245 2473 modo
263 2420 301 2475 M.
320 2419 432 2485 Catoni3
456 2419 555 2473 seimus
575 2419 604 2471 L.
621 2418 738 2472 Atilium
757 2417 831 2486 apud
849 2420 943 2486 patres

94 2497 201 2549 nostros
225 2495 391 2564 appellatum
411 2512 471 2551 csse
496 2496 661 2563 sapientem:
685 2494 735 2548 sed
755 2496 872 2562 uterque
890 2492 943 2547 alio

95 2570 212 2639 quodam
227 2572 321 2637 modo;
341 2571 444 2625 Atilius
459 2572 523 2640 quia
538 2570 659 2639 prudens
673 2586 734 2624 esse
749 2569 778 2622 in
792 2568 857 2637 jure
871 2568 944 2623 civili

93 2646 256 2714 putabatur;
274 2646 343 2700 Cato
357 2647 422 2716 quia
433 2648 582 2701 multarum
593 2662 686 2699 rerum
697 2662 777 2697 usum
790 2643 943 2698 babebat-

94 2722 181 2773 multa
193 2721 253 2789 ejus
265 2724 294 2775 et
305 2721 333 2773 in
346 2722 449 2776 Senatu
461 2722 530 2776 etin
542 2722 601 2774 foro
614 2720 657 2773 vel
672 2720 780 2790 provisa
791 2719 944 2788 prudenter

96 2796 136 2849 vel
146 2800 207 2849 acta
217 2798 374 2849 constanter
385 2798 428 2850 vel
440 2813 570 2865 responsa
580 2799 659 2849 acute
670 2794 943 2863 ferebantur-prop-

94 2875 171 2923 terea
185 2870 261 2937 quasi
275 2886 424 2937 cognomen
434 2872 493 2939 jam
506 2871 625 2924 habebat
640 2871 668 2922 in
683 2872 825 2923 senectute
839 2870 942 2938 sapien-

95 2946 138 2998 tIs.
175 2946 213 2998 Te
224 2947 316 2997 autem
331 2945 383 2997 alic
398 2946 516 3014 quodam
532 2945 621 3012 modo,
634 2961 687 2997 non
700 2944 786 2998 solum
798 2949 896 2998 natura
912 2948 942 2999 et

94 3021 223 3087 moribus,
235 3036 329 3091 rerum
342 3020 424 3073 etiam
437 3021 526 3074 studio
536 3024 566 3074 et
576 3020 699 3073 doctrina
711 3036 771 3073 esse
783 3020 942 3088 sapientem,

95 3112 145 3148 nce
158 3093 332 3161 sicutvulgus
342 3095 391 3147 sed
400 3094 540 3148 uteruditi
550 3094 941 3163 solentappellaresapientem

96 3170 204 3239 qualem
215 3171 243 3223 in
252 3168 357 3238 reliqua
366 3169 480 3225 Graecia
491 3170 685 3228 neminem-7.
698 3185 761 3223 nam
773 3170 821 3239 qui
833 3174 941 3239 septem

1105 1000 1117 1078 r
