2250 3450
341 196 598 246 EPISTOLARUM
616 196 717 244 LIBRI
735 198 817 248 DUO.
957 202 1004 250 103

152 279 245 330 actum
260 274 361 343 quibus
378 275 437 328 sine
453 273 547 328 dolore
564 274 670 328 licitum
685 279 728 330 cst
743 280 859 331 mortem
874 294 936 332 cum
948 279 1006 332 vita

153 355 321 406 commutare
333 353 343 405 l
379 351 453 415 Quid
467 354 560 405 autem
572 351 626 404 luit
639 352 713 420 quod
729 352 805 406 illam
817 353 867 407 hoe
880 357 1005 424 temporo

153 428 190 482 ad
205 425 353 482 vivendum
370 443 470 496 magno
487 443 570 497 opere
589 427 705 482 invitare
721 430 831 496 possetl
853 447 924 498 quae
939 432 1004 485 resi

154 520 226 572 quae
243 504 323 572 spesi
349 503 424 573 quod
436 503 521 556 animi
533 503 681 559 solatium?
711 505 752 558 Ut
764 521 825 558 cum
837 506 929 575 aliquo
941 506 1006 560 ado

153 579 275 634 lescente
286 579 415 648 primario
428 579 576 649 conjuncta
587 583 707 634 aetatem
720 583 850 648 gereret?
885 581 1005 636 Licitum

155 658 199 709 est
211 648 269 723 tibi,
282 655 372 723 credo,
383 673 434 724 pro
445 659 495 710 tua
507 655 643 724 dignitate
655 674 690 711 ex
702 657 752 712 hac
760 656 911 726 juventute
923 674 1006 725 gene-

154 748 216 784 rum
228 732 351 801 deligere
362 732 441 801 cujus
453 732 518 786 fidei
530 732 631 786 liberos
644 735 706 786 tuos
718 736 748 787 te
760 736 821 787 tuto
833 734 1006 788 committere

154 811 273 876 putares.
309 809 356 862 An
370 812 402 861 ut
418 825 451 862 ea
466 807 568 862 liberos
583 825 618 862 cx
635 825 696 862 sose
707 813 825 878 pareret,
838 826 908 878 quos
921 826 1005 878 quum

155 883 284 938 fiorentes
300 885 409 940 videret
425 885 594 940 laetareturl
619 885 667 956 qui
680 902 739 940 rem
756 903 773 940 a
786 890 902 955 parente
921 885 1006 940 tradi-

155 962 213 1012 tam
227 977 278 1029 per
289 977 319 1014 se
330 965 426 1016 tenere
443 962 571 1031 possenti
594 961 712 1017 honores
724 963 873 1017 ordinatim
890 961 1006 1031 petituri

156 1040 264 1092 essenti
292 1039 321 1093 in
341 1031 372 1092 're
394 1038 510 1108 publica,
528 1038 557 1092 in
575 1040 724 1093 amicorum
741 1031 1007 1107 negotiis'libertate

156 1129 205 1166 sua
216 1116 377 1170 uterentur?
413 1115 486 1181 Quid
497 1116 595 1168 horum
606 1115 660 1169 fuit
672 1116 746 1184 quod
763 1131 818 1168 non
834 1115 910 1184 prius
923 1131 1006 1182 quam

156 1189 252 1243 datum
267 1195 311 1246 est
326 1190 485 1260 ademptum
501 1193 555 1246 sitl
592 1193 634 1245 At
646 1207 712 1245 vero
727 1191 829 1245 malum
847 1193 891 1244 est
905 1189 1006 1243 liberos

156 1266 291 1321 amittere.
326 1267 438 1335 Malum,
457 1267 510 1321 nisi
530 1266 581 1320 hoc
602 1265 683 1336 pejus
701 1267 738 1321 sit
756 1265 825 1319 haec
844 1265 959 1319 sufferre
978 1268 1007 1318 et

156 1342 272 1409 papea

209 1415 285 1480 erae
298 1433 344 1470 rcs
357 1417 425 1470 mihi
435 1433 491 1480 non
502 1418 666 1472 mediocrem
680 1417 892 1472 consolationem
904 1416 1005 1484 attulit,

157 1491 218 1545 volo
229 1491 281 1545 tibi
293 1508 513 1560 commemorare,
527 1493 550 1546 si
562 1493 635 1547 forte
647 1493 743 1547 eadem
760 1510 805 1548 res
818 1493 871 1546 tibi
884 1493 1003 1546 dolorem

156 1567 279 1621 minuere
292 1569 386 1638 pessit.
422 1569 464 1621 Ex
477 1569 546 1622 Asia
557 1568 668 1622 rediens
681 1585 765 1637 quum
779 1569 814 1622 ab
827 1569 935 1637 Aegina
947 1569 1005 1622 Me

155 1659 250 1711 garam
259 1660 353 1698 versus
364 1643 528 1712 navigarem,
537 1644 614 1713 coepi
623 1645 749 1713 regiones
758 1644 932 1698 circumcirca
944 1661 1005 1713 pro

156 1720 269 1790 spicere.
306 1720 373 1775 Post
394 1738 438 1774 me
457 1724 518 1775 erat
539 1719 653 1789 Aegina,
674 1724 738 1775 ante
762 1720 883 1790 Megara,
905 1719 1005 1775 dextra

157 1797 295 1867 Piraeeus,
307 1797 418 1851 sinistra
435 1796 588 1862 Corinthus,
601 1814 672 1865 quae
690 1796 791 1866 oppida
803 1797 921 1866 quodam
937 1799 1006 1850 tcm-

155 1889 221 1941 pore
230 1873 421 1927 florentissima
431 1872 551 1940 fuerunt,
563 1889 634 1926 nune
646 1875 786 1940 prostrata
798 1876 826 1927 et
838 1872 930 1926 diruta
941 1874 1006 1927 ante

66 1988 73 1997 .
155 1949 246 2003 oculos
253 1949 355 2018 jacent.
380 1949 463 2019 Oocpi
473 1951 583 2017 egomet
592 1966 699 2003 mecum
710 1949 748 2002 sic
758 1948 894 2017 cogitare:
917 1948 1004 2002 Hem!

155 2041 205 2078 nos
220 2025 376 2080 homunculi
391 2025 565 2094 indignamur
583 2025 680 2095 siquis
696 2028 820 2079 nostrum
837 2024 942 2079 interiit
958 2026 1007 2078 aut

156 2102 260 2154 occisus
276 2104 456 2170 cst,qu01um
469 2102 529 2155 vita
541 2101 652 2155 brevior
668 2118 728 2155 csse
746 2100 836 2167 debet,
850 2117 935 2169 quum
952 2116 1006 2153 uno

156 2176 214 2229 loco
229 2180 273 2229 tot
286 2176 418 2246 oppidum
432 2177 567 2231 cadavera
585 2176 709 2248 projecta
723 2176 836 2244 jacenti
873 2176 958 2229 Visne
975 2178 1006 2229 tu

156 2256 193 2320 te,
205 2252 289 2317 Servi,
298 2251 427 2305 cohibere
439 2255 468 2305 et
477 2252 634 2305 meminisse
642 2252 780 2305 hominem
789 2255 818 2305 te
827 2268 887 2305 osse
895 2253 1006 2304 natum‘l

157 2326 247 2381 Orode
263 2327 338 2394 mihi,
355 2327 522 2394 cogitatione
536 2343 569 2381 ca
582 2343 637 2379 non
652 2326 828 2380 mediocriter
840 2344 899 2380 sum
911 2326 1007 2379 confir-

155 2408 253 2458 matus.
291 2404 354 2457 Hoc
368 2402 450 2471 idem,
468 2403 492 2456 si
507 2403 559 2457 tibi
575 2402 691 2470 videtur,
703 2402 747 2455 fac
764 2406 829 2457 ante
847 2402 937 2456 oculos
955 2402 1007 2457 tibi

156 2496 299 2550 proponas.
329 2478 413 2533 Modo
429 2496 483 2533 uno
496 2482 621 2547 tempore
638 2482 681 2532 tot
698 2478 750 2532 viri
768 2478 908 2533 clarissimi
926 2479 1009 2535 inter-

156 2557 262 2610 ierunt:
280 2555 315 2609 do
327 2556 442 2624 imperio
452 2555 549 2624 Populi
559 2555 675 2609 Romani
687 2557 765 2609 tanta
775 2554 925 2609 deminutio
934 2556 1008 2610 facta

157 2635 213 2687 est:
232 2648 326 2700 omnes
342 2631 497 2699 provinciae
511 2634 707 2699 conquassatae
720 2634 797 2685 sunt:
816 2631 844 2684 in
856 2632 937 2700 unius
949 2649 1007 2685 mu-

156 2708 285 2763 lierculae
297 2707 450 2761 animula'si
461 2707 572 2777 jactura
587 2707 661 2762 facta
676 2709 727 2772 est,
740 2709 818 2761 tanto
836 2724 919 2777 opere
936 2724 1008 2761 com-

156 2786 291 2839 moverisl
318 2800 388 2852 quae
403 2784 427 2838 si
443 2784 495 2838 hoc
509 2787 633 2852 tempore
648 2782 702 2837 ¹uon
714 2784 787 2847 diem
800 2801 881 2838 suum
897 2784 1008 2852 obisset,

157 2862 251 2931 paucis
257 2864 321 2929 post
328 2860 406 2917 annis
413 2864 505 2915 tamen
512 2860 539 2914 ei
546 2860 718 2914 moriendum
726 2860 786 2928 fuit,
792 2861 919 2929 quoniam
927 2860 1008 2913 homo

157 2942 222 2992 nata
233 2938 330 2992 fuerat.
362 2937 453 2991 Etiam
466 2940 497 2991 tu
509 2936 544 2991 ab
556 2936 631 2991 hisce
643 2936 726 2990 rebus
739 2936 859 2990 animum
868 2952 900 2989 ac
909 2936 1009 3004 cogita-

157 3015 260 3069 tionem
278 3017 356 3067 tuam
372 3029 461 3081 avom,
481 3016 566 3081 atque
580 3029 613 3067 ea
633 3013 726 3081 potius
745 3012 919 3065 reminiscere
938 3026 1009 3078 quae

158 3090 242 3159 digna
258 3093 307 3143 tua
323 3105 440 3158 persona
457 3092 532 3143 sunt:
555 3087 629 3142 illam
645 3087 777 3157 quamdiu
796 3086 821 3141 ei
839 3102 907 3154 opus
924 3084 1008 3138 fuerit

157 3166 272 3232 vixisse;
296 3182 431 3219 unacum
450 3164 608 3234 republica
627 3164 725 3228 fuisse;
750 3166 780 3217 te
797 3165 905 3231 patrem
921 3176 1008 3226 sunm,

156 3244 319 3311 praetorem,
335 3242 479 3307 consulem,
496 3258 627 3309 augurem
647 3238 766 3303 vidissc3
789 3234 1009 3291 adolescentibus
