2250 3450
270 170 445 217 Erls'ronn
461 170 513 216 At)
530 169 705 226 QUINTUM
723 170 907 218 FRATREM.
984 173 1014 220 61

161 249 231 303 bene
247 248 377 303 audiendi
389 249 525 317 excitaris,
539 265 594 302 non
610 253 642 303 ut
656 267 719 304 cum
736 250 797 304 aliis
813 250 862 304 sed
877 253 910 306 ut
925 253 1017 307 tecum

156 325 217 394 jam
233 325 291 394 ipse
306 328 413 390 certea;
429 325 453 378 si
470 343 579 380 omnem
592 329 669 380 tuam
685 330 813 396 mentem,
829 343 929 394 curam,
945 328 1017 397 cogi-

161 401 293 455 tationem
324 401 360 454 ad
391 402 571 456 excellentem
602 403 633 457 in
660 403 786 457 omnibus
817 403 900 458 rebus
927 404 1018 460 laudis

161 477 340 546 cupiditatem
364 477 494 546 incitaris,
513 479 580 532 mihi
602 479 692 545 crede,
708 496 779 533 unus
799 496 886 534 annus
904 480 1017 534 additus

161 552 248 607 labori
263 557 312 607 tuo
328 554 477 606 multorum
494 570 626 608 annorum
642 555 777 609 laetitiam
796 556 883 623 nobis,
902 556 1017 624 gloriam

161 647 225 683 vero
237 630 321 684 etiam
338 629 456 697 posteris
473 630 575 682 nostris
590 630 697 684 afferet.
733 637 757 684 4.
776 632 951 700 Quapropter
966 632 1018 686 hoc

161 709 190 760 te
202 706 319 775 primum
332 722 398 773 rogo
410 722 446 759 ne
458 706 604 759 contrahas
615 723 648 760 ac
659 707 792 761 demittas
803 708 931 776 animum,
946 725 1017 763 neve

160 785 190 836 te
202 781 280 835 obrui
292 786 433 850 tamquam
448 781 534 835 fluctu
550 782 589 837 sic
605 783 794 851 magnitudine
811 784 915 852 negotii
931 785 1018 841 sinam

161 862 312 926 contraque
329 858 418 926 erigas
435 874 466 911 ao
485 859 598 912 resistas
618 859 675 912 sive
694 859 778 913 etiam
797 860 870 913 ultro
891 877 1018 914 occurras

161 935 287 1002 negotiis.
322 935 421 1002 Neque
442 935 514 988 enim
538 934 674 1003 ejusmodi
697 939 805 1005 partem
828 935 868 990 rei
891 937 1018 1005 publicae

160 1011 233 1079 geris
245 1011 274 1064 in
291 1027 346 1079 qua
363 1010 474 1064 fortuna
493 1010 657 1079 dominetur,
677 1011 726 1065 sed
746 1012 774 1064 in
796 1029 851 1081 qua
870 1012 1017 1081 plurimum

161 1087 233 1140 ratio
246 1087 332 1156 possit
343 1090 373 1141 et
389 1086 540 1154 diligentia.
579 1087 660 1152 Quod
676 1089 699 1141 si
715 1088 767 1142 tibi
787 1088 889 1143 bellum
905 1088 1017 1157 aliquod

162 1178 292 1231 magnum
308 1165 338 1216 et
353 1163 535 1232 periculosum
552 1164 756 1217 administranti
773 1167 950 1234 prorogatum
968 1165 1017 1217 im-

161 1239 267 1308 perium
280 1239 410 1306 viderem,
420 1242 567 1293 tremerem
580 1240 678 1308 animo,
692 1241 768 1309 quod
779 1240 876 1294 eodem
893 1244 1018 1309 tempore

161 1331 221 1369 esse
249 1314 432 1382 intelligerem
456 1315 540 1368 etiam
567 1315 694 1369 fortunae
719 1319 885 1385 potestatem
912 1317 941 1368 in
969 1333 1018 1370 nos

161 1393 343 1460 prorogatam
379 1397 402 1444 5.
421 1391 501 1445 Nunc
522 1408 587 1445 vero
610 1408 643 1444 ea
665 1408 730 1460 pars
753 1392 805 1444 tibi
829 1393 869 1445 rei
893 1391 1018 1460 publicae

161 1467 305 1521 commissa
318 1469 360 1520 est
371 1465 465 1534 inqua
476 1469 525 1519 aut
536 1467 639 1519 nullam
651 1471 699 1521 aut
714 1467 892 1535 perexiguam
909 1471 1017 1537 partem

161 1543 270 1597 fortuna
287 1545 372 1610 tenet,
384 1545 413 1596 et
425 1558 496 1610 quae
508 1542 575 1595 mihi
587 1545 647 1596 tota
656 1542 692 1604 in¹
701 1546 751 1596 tua
769 1542 873 1596 virtute
884 1560 915 1597 ac
926 1544 1018 1598 mode

162 1619 267 1673 ratione
285 1617 367 1672 animi
383 1618 474 1686 posita
492 1635 553 1672 esse
572 1617 707 1672 videatur.
743 1618 846 1685 Nullas,
866 1622 898 1672 ut
916 1619 1018 1688 opinor,

161 1694 274 1751 insidias
294 1695 421 1761 hostium,
445 1695 546 1749 nullam
565 1694 662 1765 praelii
686 1694 895 1765 dimicationem,
916 1697 1018 1752 nullam

162 1772 343 1827 defectionem
355 1772 496 1841 sociorum,
508 1772 610 1842 nullam
626 1772 745 1841 inopiam
762 1772 893 1840 stipendii
912 1776 961 1827 aut
977 1774 1016 1827 rel

162 1848 366 1915 frumentariae,
386 1848 488 1901 nullam
510 1847 674 1922 seditionem
695 1848 832 1902 exereitus
849 1849 1018 1917 pertimesci-

162 1941 238 1990 mus;
258 1941 329 1993 quae
347 1940 478 1993 persaepe
494 1924 704 1993 sapientissimis
723 1924 789 1978 viris
808 1924 967 1979 acciderunt
978 1929 1018 1994 ut,

163 2001 393 2068 quemadmodum
416 2000 614 2068 gubernatores
635 2000 732 2071 optimi
755 2002 811 2054 vim
833 2001 1017 2069 tempestatis,

163 2077 202 2130 sic
219 2076 259 2130 illi
277 2077 403 2132 fortunae
421 2078 555 2145 impetum
574 2094 704 2145 superare
726 2093 780 2130 non
798 2080 917 2145 possent.
957 2076 1019 2130 'libi

163 2153 230 2206 data
239 2157 281 2207 est
293 2169 398 2207 summa
408 2170 470 2222 pax,
488 2170 595 2206 summa
609 2152 802 2221 tranquillitas,
818 2153 859 2207 ita
874 2157 966 2207 tamen
987 2156 1019 2207 ut

163 2245 196 2282 ea
217 2228 397 2282 dormientem
422 2228 634 2296 gubernatorem
653 2228 697 2281 vel
718 2228 841 2295 obruere,
861 2228 1019 2296 vigilantem

164 2305 247 2359 etiam
268 2304 407 2357 delectare
424 2304 519 2372 possit.
554 2311 578 2357 6.
604 2304 719 2357 Constat
738 2304 809 2357 enim
830 2320 863 2357 ea
882 2304 1020 2372 provincia

163 2380 282 2450 primum
299 2396 333 2433 ex
350 2396 382 2433 eo
398 2396 500 2447 genere
520 2380 655 2433 sociorum
672 2378 746 2447 quod
766 2382 860 2433 estex
879 2378 1019 2431 hominum

163 2457 236 2511 omni
259 2473 361 2525 genere
384 2455 625 2509 humanissimum:
657 2455 758 2509 deinde
788 2471 824 2508 ex
854 2471 888 2508 eo
918 2471 1019 2523 genere

163 2533 272 2601 civium,
285 2533 334 2602 qui
345 2536 394 2586 aut
406 2532 481 2601 quod
492 2531 628 2600 publicani
645 2534 709 2585 sunt
720 2547 770 2584 nos
786 2547 892 2584 summa
903 2530 1019 2584 necessi·

164 2608 261 2664 tudine
272 2609 422 2676 attingunt,
434 2611 483 2663 aut
500 2608 576 2677 quod
587 2608 627 2661 ita
638 2607 816 2675 negotiantur
824 2610 856 2661 ut
868 2606 1019 2675 locupletes

165 2686 220 2739 sint
243 2685 329 2739 nostri
354 2685 509 2739 consulatus
532 2684 665 2739 beneficio
685 2700 715 2737 se
731 2683 879 2737 incolumes
894 2683 1019 2737 fortunas

70 2804 74 2815 ,
164 2760 268 2815 habere
280 2762 457 2816 arbitrantur.

219 2837 258 2891 Il.
284 2842 306 2896 7.
332 2840 373 2891 At
401 2838 473 2891 enim
497 2836 571 2890 inter
594 2837 643 2890 hos
664 2836 738 2905 ipsos
762 2835 900 2889 exsistunt
922 2850 1020 2902 graves

165 2914 373 2982 controversiae,
393 2914 496 2967 multae
514 2916 663 2966 nascuntur
681 2912 807 2981 injuriae,
826 2927 942 2979 magnae
960 2926 1022 2964 con-

164 2990 303 3045 tentiones
315 2993 526 3059 consequuntnr.
562 2988 645 3053 Quasi
661 3005 727 3043 vero
744 3004 795 3056 ego
811 2988 841 3040 id
856 2990 951 3056 putem
967 3002 1022 3039 non

166 3070 197 3121 te
208 3066 379 3135 aliquantum
395 3065 498 3133 negotii
517 3064 659 3118 sustinere.
698 3064 826 3131 Intelligo
843 3080 1021 3131 permagnum

168 3159 229 3196 esse
240 3142 381 3209 negotium
393 3144 422 3194 et
434 3141 546 3193 maximi
558 3140 664 3193 consilii
676 3160 682 3203 ;
699 3139 748 3193 sed
762 3143 900 3192 memento
919 3139 1023 3191 consilii

169 3234 214 3271 me
229 3218 281 3271 hoc
299 3232 360 3271 esse
376 3216 516 3289 negotium
533 3216 621 3283 magis
639 3216 779 3283 aliquanto
797 3229 879 3280 quam
897 3213 1024 3267 fortunae

222 3301 235 3342 a
