2250 3450
99 146 132 196 94
327 145 367 196 Μ.
384 142 510 196 TULLII
526 143 718 194 CICERONIS

245 269 270 318 4.
304 267 342 317 Μ.
361 266 488 316 CICERO
505 267 531 316 S.
549 266 582 315 D.
603 265 641 315 M.
662 264 805 318 CATONI.

367 356 420 419 (xv.
439 358 462 404 6.
497 369 522 403 ι.
537 368 562 404 ι.
576 367 599 404 ο.
619 354 685 415 704.)

152 442 254 496 Laetus
266 457 327 496 sum
339 441 445 495 laudari
457 457 510 509 me,

99 517 190 587 inquit
203 518 316 586 Hector,
329 519 425 587 opinor
436 483 511 586 apud
523 516 549 570 N
551 533 666 584 aeuum

488 592 539 647 abs
550 596 581 646 te
581 557 687 662 ‚pauiu
700 592 879 648 alaudato
853 609 918 650 ιιιο.

100 668 141 723 na
157 631 202 724 est
216 669 288 724 enim
306 670 430 738 profecto
443 669 568 738 jucunda
580 669 639 722 laus
652 685 722 738 quac
734 669 805 722 ab
787 685 821 724 ns
833 669 955 738 proficis·

99 746 174 801 citur
191 745 240 816 qui
258 745 311 815 ipsi
331 746 359 799 in
374 746 457 800 laude
473 745 609 800 vixerunt.
645 745 703 814 Ego
718 761 784 799 voro
800 745 844 800 vel
862 749 955 814 gratn-

58 875 65 880 .
99 822 202 877 latione
231 822 374 876 literarum
396 826 515 889 tuarum,
539 822 583 876 vel
610 821 776 875 testimoniis
800 822 955 878 sententiae

100 899 201 967 diotae,
212 898 281 952 nihil
292 898 423 968 estquod
434 915 479 953 me
490 915 545 951 uon
556 900 712 952 assecutum
724 901 827 965 putem.
864 898 955 967 quue

99 975 167 1028 mihi
190 992 276 1044 quum
294 975 499 1045 amplissimum,
514 977 576 1028 tum
595 973 783 1042 gratissImnm
805 977 856 1042 est,
875 977 905 1029 te
923 974 955 1028 li·

101 1050 202 1105 beuter
221 1051 358 1107 amicitiae
381 1051 491 1105 dedisse
510 1050 585 1120 qnod
603 1049 709 1119 liquido
729 1050 840 1105 veritati
864 1051 954 1106 dares.

102 1127 138 1180 llt
161 1127 258 1181 sinon
276 1126 358 1180 modo
381 1143 484 1195 omnes,
504 1142 600 1180 verum
623 1127 709 1181 etiam
733 1126 813 1180 multi
834 1126 954 1182 Catones

102 1207 196 1258 esseut
213 1203 242 1256 iu
260 1203 372 1257 civitate
390 1205 493 1272 nostra,
513 1202 542 1256 in
562 1218 619 1271 qua
638 1218 723 1256 unum
744 1201 884 1256 exstitisse
903 1203 954 1258 mi-

102 1279 189 1334 rabile
201 1283 253 1348 est,
263 1296 345 1349 quem
356 1295 408 1347 ego
419 1295 531 1334 currum
542 1281 592 1332 aut
603 1294 686 1346 quem
697 1279 819 1333 lauream
831 1295 893 1334 cum
904 1282 954 1334 tua

85 1355 88 1358 ’
102 1355 260 1410 laudatione
279 1355 451 1410 conferreml
486 1354 559 1408 Nam
576 1353 613 1408 ad
631 1370 722 1408 meum
743 1371 853 1408 sensum
870 1360 900 1411 et
917 1355 954 1410 ad

13 1472 14 1475 η
64 1470 69 1478 ,
103 1431 172 1486 illud
195 1431 330 1486 sincerum
352 1448 385 1486 ac
408 1429 510 1486 subtile
528 1429 664 1498 judioiunn
688 1430 872 1499 nihilpotest
893 1448 954 1486 esse

103 1507 267 1562 laudabilius
285 1525 368 1577 quam
386 1525 419 1562 ea
437 1513 486 1564 tua
505 1509 593 1563 oratio
616 1523 688 1575 quac
712 1509 756 1561 est
773 1506 810 1561 ad
828 1523 873 1562 me
892 1525 954 1577 per·

103 1583 206 1654 scripta
217 1601 234 1638 a
244 1585 314 1638 meis
324 1585 493 1639 necessariis.
518 1584 574 1639 Sed
586 1600 695 1638 causam
708 1598 785 1637 meac
797 1583 953 1654 voluntatis

103 1676 155 1714 nou
174 1660 247 1715 euim
266 1659 355 1713 dicam
373 1660 540 1729 cupiditatis,
560 1658 675 1730 exposui
694 1657 747 1712 tibi
766 1659 953 1729 superioribus

103 1737 199 1805 literis,
219 1752 290 1806 quae
311 1737 418 1790 etiamsi
441 1753 539 1806 parum
558 1736 638 1805 justa
657 1735 710 1790 tibi
731 1735 790 1790 visa
813 1740 863 1805 est,
884 1736 953 1792 bano

104 1818 196 1867 tamen
218 1811 303 1866 habet
323 1812 466 1879 rationem,
485 1829 539 1866 non
562 1816 595 1867 ut
617 1812 699 1866 nimis
722 1813 953 1881 concupiscendus

103 1888 196 1956 honos,
212 1887 262 1941 sed
277 1891 371 1941 tamen
388 1888 411 1942 si
428 1888 571 1943 deleratur
587 1904 603 1941 a
618 1892 715 1943 senatu
730 1888 843 1943 minimo
861 1906 952 1958 asper-

103 1963 210 2018 nandus
221 1979 282 2017 esse
293 1962 429 2018 videatur.
465 1963 551 2033 Spero
568 1968 662 2019 autom
676 1965 753 2019 illurn
765 1964 890 2019 ordinem
901 1980 952 2035 pro

103 2040 172 2094 meis
190 2037 300 2093 obrem
318 2037 455 2108 publicam
474 2040 608 2111 susceptis
623 2040 761 2113 laboribus
777 2058 822 2096 me
839 2059 893 2097 non
912 2044 952 2096 in-

103 2115 216 2185 diguum
246 2114 356 2183 honore,
384 2114 488 2170 usitato
520 2116 692 2186 praesertim,
722 2117 952 2179 existimaturum

104 2193 184 2260 Quod
202 2192 226 2247 si
244 2191 285 2245 ita
301 2191 363 2259 erit,
379 2194 488 2247 tantum
505 2208 541 2246 ex
557 2195 588 2247 te
605 2195 677 2261 peto,
696 2194 772 2262 quod
788 2194 951 2249 amicissime

103 2269 208 2337 scribis,
226 2271 266 2337 ut,
284 2284 369 2337 quum
387 2270 436 2322 tuo
452 2268 561 2335 jndicio
582 2268 657 2338 quod
675 2268 872 2337 amplissimum
890 2286 951 2325 esse

98 2346 244 2401 arbitraris
255 2344 322 2398 mihi
338 2343 477 2412 tribueris,
491 2345 516 2400 si
532 2344 563 2399 id
581 2344 656 2415 quod
673 2346 794 2400 maluero
811 2346 950 2416 acciderit,

101 2423 229 2492 gaudeas.
265 2421 310 2477 Sic
330 2421 403 2476 cuim
418 2415 516 2477 iecisse
535 2425 567 2477 te
582 2426 611 2476 ct
630 2422 748 2477 sensisse
763 2425 793 2477 et
809 2422 950 2492 scripsisse

101 2499 196 2565 video3
212 2515 312 2569 resque
321 2498 382 2568 ipsa
394 2498 516 2567 declarat
527 2498 578 2553 tibi
590 2498 668 2553 illum
683 2498 814 2555 honorem
825 2503 949 2554 nostrum

101 2575 306 2645 supplicationis
314 2574 468 2643 jucundum
479 2574 571 2642 fnisse,
584 2574 659 2644 quod
674 2574 818 2629 scribendo
830 2575 949 2631 adfuisti

102 2652 180 2706 Haec
197 2650 270 2704 enim
287 2654 398 2705 senatus
414 2650 539 2704 consulta
552 2666 607 2704 non
621 2650 716 2717 ignoro
728 2649 764 2703 ab
779 2651 950 2705 amicissimis

100 2725 161 2794 ojus
183 2725 262 2795 cnjus
286 2726 323 2780 de
345 2725 448 2781 honoro
473 2724 566 2793 agitur
589 2724 672 2780 scribi
696 2725 791 2780 solere.
827 2724 894 2794 Ego,
916 2729 950 2781 ut

100 2818 189 2874 spero,
205 2805 236 2857 te
252 2802 413 2871 propediem
428 2800 529 2857 ridebo
537 2822 546 2868 3
569 2804 655 2871 atquo
669 2801 776 2855 utinam
793 2817 825 2857 re
840 2801 951 2873 publico

99 2878 213 2932 meliore
226 2893 309 2947 quam
320 2877 413 2932 timeo.

277 2993 302 3041 6.
335 2991 494 3043 TULLIUS
510 2992 536 3042 S.
554 2994 588 3044 D.
605 2994 731 3043 TIRONI
747 2995 772 3045 S.

353 3072 418 3136 (ιιι.
437 3075 475 3123 12.
509 3086 536 3124 ι.
548 3085 574 3125 u.
587 3088 609 3125 o.
628 3072 693 3138 705.)

101 3166 162 3232 Quo
178 3165 208 3222 in
223 3165 380 3222 discrimine
394 3170 521 3223 versetur
530 3168 605 3225 salus
620 3186 682 3226 mea
697 3171 876 3229 othonorum
891 3189 949 3229 om-
