2250 3450
127 159 157 208 lo
360 156 398 205 M.
416 155 544 206 TULLII
559 156 749 206 CICERONIS

125 241 285 307 potestates,
297 253 363 307 opes
375 235 510 292 amicitiae
525 254 581 293 non
596 240 772 307 anteponant,
786 242 826 308 ut,
842 255 927 309 quum
943 257 978 294 ex

125 315 213 370 altera
223 318 303 386 parto
314 314 454 383 proposita
465 313 532 368 baec
543 315 606 383 sint,
619 332 654 370 ex
669 315 757 370 altera
768 315 816 383 jus
831 316 976 386 amicitiae,

125 407 180 444 non
195 390 282 444 multo
296 390 345 443 illa
361 390 477 444 malintl
502 391 657 448 ,Imbecilla
674 391 747 445 enim
764 395 863 445 natura
880 392 977 446 estad

125 465 351 522 contemnendam
380 466 539 536 potentiam,
569 484 651 537 qnam
684 470 768 521 etiam
798 468 821 520 si
852 468 978 538 neglecta

125 542 246 610 amicitia
257 543 394 596 consecuti
406 544 477 609 sunt,
490 542 665 599 obscuratum
676 544 712 597 iri
723 543 900 610 arbitrantur,
913 544 978 612 quia

98 681 101 687 ¹
125 635 180 672 non
192 618 249 673 sine
261 635 361 687 magna
372 635 453 673 causa
465 619 501 672 sit
517 620 642 688 neglecta
657 619 783 693 amicitia
819 627 859 674 64.
878 620 977 689 Itaque

126 711 207 748 verae
230 694 365 748 amicitiae
389 695 546 750 difficillime
570 696 745 765 reperiuntur
766 697 796 750 in
819 697 853 750 iis
876 697 923 765 qui
948 697 977 748 in

125 769 274 824 honoribus
295 787 381 840 reque
402 772 511 840 publica
531 776 684 827 versantur.
719 772 775 827 Ubi
797 773 868 826 enlm
892 773 981 837 istum,

125 847 247 902 invenias
260 847 307 916 qui
320 847 449 902 honorem
461 848 541 902 amici
553 852 701 918 anteponat
713 852 782 904 suoi
818 848 898 915 Quid,
909 847 977 901 haec

125 925 158 976 ut
181 923 314 990 omittam,
341 940 424 993 quam
449 941 554 993 graves,
580 941 663 993 quam
689 925 812 980 difficiles
837 924 977 993 plerisque

125 998 256 1052 videntur
268 999 454 1054 calamitatum
466 1000 619 1068 societates,
632 1000 668 1054 ad
684 1017 754 1069 quas
769 1017 824 1073 non
840 1003 884 1056 est
898 998 978 1054 facile

124 1075 238 1128 inventu
249 1075 297 1144 qui
309 1075 473 1130 descendat:
491 1093 656 1146 quamquam
668 1076 771 1130 Ennius
782 1079 874 1131 recte:

294 1153 398 1201 Amicus
409 1159 490 1202 cartus
502 1155 527 1202 in
538 1170 565 1202 re
575 1155 671 1201 ineerta
681 1155 805 1202 cernitur:

90 1297 93 1302 Ι
126 1235 219 1286 tamen
248 1230 315 1286 haec
344 1231 398 1284 duo
427 1231 548 1286 levitatis
577 1234 606 1285 et
635 1230 803 1286 infirmitatis
831 1231 977 1302 plerosque

126 1307 296 1375 convincunt,
314 1307 402 1361 autsi
423 1306 451 1360 in
471 1307 549 1362 bonis
570 1306 653 1360 rebus
673 1309 858 1374 contemnunt,
879 1309 977 1363 autin

127 1383 205 1436 malis
217 1383 356 1437 deserunt.

179 1458 294 1513 XVIII.
307 1458 360 1523 Qui
372 1458 456 1527 igitur
464 1462 584 1526 utraque
593 1458 622 1510 in
631 1473 790 1526 regnarem,
799 1461 976 1528 constantem,

127 1534 255 1589 stabilem
275 1550 305 1588 se
325 1534 353 1588 in
374 1532 494 1587 amicitia
513 1533 692 1603 praestiterit,
711 1534 785 1588 hunc
804 1550 839 1588 ex
859 1535 977 1588 maxime

126 1627 189 1664 raro
201 1609 339 1664 bominum
351 1605 451 1678 ge'ncre
458 1609 587 1677 judicare
598 1609 730 1663 debemus
741 1613 771 1663 et
781 1625 869 1678 paene
878 1610 977 1664 divino.

124 1693 168 1742 65.
187 1685 403 1741 Firmamentum
414 1691 507 1740 autem
517 1684 675 1740 stabilitatis
684 1685 908 1753 constantiaeque
917 1685 977 1754 ejus

127 1780 209 1833 quam
223 1762 252 1816 in
265 1762 385 1817 amicitia
400 1761 557 1830 quaerimus
571 1761 641 1831 fides
660 1763 710 1814 est.
745 1760 821 1814 Nihil
836 1761 909 1814 onim
922 1765 977 1816 sta-

125 1839 181 1893 bilo
204 1842 248 1893 est
270 1838 345 1907 quod
362 1837 485 1892 infidum.
521 1836 676 1904 Simplioem
694 1839 839 1905 praeterea
857 1838 887 1889 ct
904 1853 977 1890 com-

10 1948 14 1955 -
109 1932 244 1977 -munem,
257 1918 287 1969 et
310 1913 524 1975 consentientem
546 1913 594 1980 qui
614 1910 697 1965 rebus
715 1910 813 1964 iisdem
835 1915 977 1967 moveatur

127 1992 191 2061 eligi
213 2008 264 2061 par
287 1994 347 2054 est;
371 2005 442 2056 quae
464 1987 554 2041 omnia
576 1986 717 2056 pertinent
742 1986 778 2040 ad
804 1986 969 2042 fidelitatem

128 2068 226 2137 Neque
244 2066 317 2122 enim
334 2065 419 2118 fidum
437 2067 608 2133 potestesse
624 2062 769 2131 multiplex
787 2062 927 2131 ingenium
947 2068 977 2119 et

127 2146 298 2207 tortuosum3
313 2157 403 2209 neque
418 2155 491 2206 vero,
506 2138 553 2208 qui
569 2155 623 2192 non
638 2138 737 2193 iisdem
752 2138 836 2193 rebus
851 2143 977 2194 movetur
1021 2174 1025 2181 -

126 2223 279 2289 naturaque
295 2216 439 2281 consentit,
456 2219 504 2269 aut
522 2215 594 2270 lidum
611 2218 660 2269 aut
677 2213 783 2268 stabilis
800 2218 893 2284 potest
910 2232 976 2271 esse.
1030 2227 1034 2232 ·

128 2295 296 2349 Addcndum
312 2292 408 2347 eodem
425 2296 467 2347 est
484 2296 516 2346 ut
533 2308 569 2346 no
586 2290 746 2353 criminibus
763 2295 811 2345 aut
828 2291 977 2345 inferendis

127 2372 280 2426 delectetur
293 2372 342 2423 aut
356 2369 452 2423 credat
467 2367 574 2436 oblatis,
592 2383 663 2437 quae
677 2366 820 2437 pertinent
835 2367 925 2420 omnia
940 2367 977 2421 ad

126 2464 188 2501 eam
217 2462 299 2518 quam
324 2444 490 2514 jamdudum
518 2448 608 2499 tracto
638 2444 828 2499 constantiam.
863 2444 909 2497 Ita
944 2444 977 2497 fit

127 2539 223 2578 rerum
234 2523 301 2577 illud
313 2520 388 2591 quod
401 2521 480 2574 initio
494 2520 560 2588 dixi,
576 2519 723 2573 amicitiam
738 2519 789 2573 nisi
803 2519 876 2573 inter
891 2518 977 2572 bonos

127 2615 188 2654 esse
210 2614 265 2652 non
287 2614 375 2667 posse.
413 2597 463 2650 IIst
487 2596 559 2649 enim
583 2595 648 2649 boni
670 2595 730 2661 viri,
754 2612 836 2663 quem
859 2595 976 2649 eundem

128 2674 280 2744 sapientem
300 2674 366 2727 licet
386 2672 486 2739 dicere,
506 2671 575 2724 haec
595 2670 651 2723 duo
670 2673 766 2724 tencre
788 2670 817 2722 in
840 2670 977 2735 amicitia;

126 2752 254 2820 primum,
275 2765 310 2803 ne
332 2748 399 2817 quid
419 2749 513 2801 lictum
534 2746 572 2800 sit
595 2762 664 2801 neve
687 2746 860 2799 simmatum:
882 2749 977 2815 aperto

128 2826 200 2880 enim
214 2825 256 2879 vel
268 2823 359 2876 odisse
369 2823 456 2890 magis
467 2820 578 2889 ingenui
590 2824 635 2874 est
646 2837 728 2889 quam
739 2820 829 2874 fronte
841 2823 977 2876 occultare

128 2901 308 2955 sententiam:
324 2897 431 2965 deinde,
445 2913 499 2950 non
513 2896 601 2950 solum
617 2896 652 2949 ab
670 2896 761 2965 aliquo
777 2897 874 2951 allatas
890 2898 978 2951 crimi-

128 2977 252 3031 nationes
270 2973 410 3043 repellere,
431 2970 481 3025 sed
501 2987 536 3025 ne
556 2972 646 3040 ipsum
671 2972 783 3041 quidem
806 2990 866 3027 esse
890 2974 978 3043 suspi-

128 3054 231 3108 ciosum
256 3064 363 3117 semper
385 3046 490 3115 aliquid
516 3046 718 3101 existimantem
744 3047 779 3101 ab
804 3050 891 3103 emico
917 3066 977 3104 esse

129 3129 266 3181 violatum.
301 3130 341 3179 66.
360 3122 484 3177 Accedat
500 3122 554 3176 huc
572 3122 692 3175 suavitas
712 3123 847 3191 quaedam
868 3129 977 3193 oportet

129 3217 284 3257 sermonum
301 3202 386 3268 atque
402 3214 516 3264 morum,
534 3197 745 3266 haudquaquam
762 3198 900 3253 mediocre
914 3216 977 3253 con-
