2250 3450
187 206 189 210 ,
364 154 529 202 LAELIUS.
565 153 642 201 CAP.
661 151 755 200 XVII.
982 153 1013 205 47

165 235 264 305 disque
281 234 428 288 amicorum
453 245 567 286 necesso
594 230 648 287 erit
672 231 742 298 angi,
764 231 864 299 dolere,
883 233 1012 290 inridere.

166 317 206 366 61),
236 311 326 374 Quare
350 309 401 361 hoc
426 309 536 375 quidem
560 312 737 377 praeceptum
762 309 947 380 cujuscunque
969 319 1012 366 est

164 387 201 441 ad
218 386 369 440 tollendam
390 385 536 436 amicitiam
557 384 637 437 valet.
674 385 749 438 Illud
768 388 860 454 potius
880 388 1011 456 praecipi-

164 463 266 518 endum
277 461 337 527 suit,
349 463 381 512 ut
393 476 453 513 earn
466 459 635 527 diligentiam
648 460 840 515 adhiberemus
848 463 877 515 in
885 464 1012 519 amicitiis

164 537 352 606 comparandis
375 539 408 590 ut
429 552 464 589 ne
489 535 598 604 quando
624 552 716 589 amare
743 537 922 606 inciperemus
948 557 1011 594 eum

164 631 246 682 quem
259 613 404 683 aliquando
417 612 507 665 odisse
519 629 668 681 possemus.
704 613 775 677 Quin
788 614 907 668 etiamsi
920 615 1012 668 minus

163 690 256 743 felices
268 691 297 742 in
309 688 454 757 deligendo
465 689 617 756 fuissemus,
630 690 773 744 ferendum
782 691 812 743 id
822 690 911 760 Scipio
919 691 1012 760 potius

164 782 246 834 quain
258 765 460 818 inimicitiarum
472 768 581 833 ternpus
593 766 767 833 cogitandum
775 767 899 837 putabat.

217 842 313 894 XVII.
351 848 391 896 61.
423 841 475 894 His
486 841 572 908 igitur
584 842 684 895 linibus
696 843 828 896 utendum
840 843 967 911 arbitror,
979 849 1012 898 ut

164 935 247 988 quum
269 919 406 973 emendati
426 935 515 972 mores
539 918 687 972 amicorum
711 920 772 985 sint,
796 922 856 973 tum
880 920 917 973 sit
939 921 1012 973 inter

163 1011 209 1048 eos
227 996 346 1048 omniurn
364 1012 464 1062 rerum,
485 995 664 1063 consiliorum,
686 996 856 1050 voluntatum
877 996 935 1049 siue
956 995 1012 1048 ulla

163 1073 321 1139 exceptione
339 1072 524 1140 communitas,
543 1076 576 1126 ut
593 1073 684 1137 etiam,
702 1072 725 1124 si
744 1089 799 1140 qua
814 1071 926 1126 fertum
943 1072 1011 1124 aoei-

163 1145 235 1201 derit
249 1150 281 1219 ut
294 1148 384 1201 minus
394 1147 488 1216 justae
503 1149 651 1202 amicorum
668 1148 822 1201 voluntates
838 1147 1012 1216 adjuvandae

162 1221 218 1276 sint
243 1223 271 1276 in
297 1224 396 1298 quibus
422 1239 515 1276 eorum
542 1227 590 1277 aut
616 1227 699 1292 caput
727 1228 826 1290 agatur
854 1228 903 1277 aut
931 1223 1011 1291 fama,

162 1298 353 1352 declinandum
377 1299 414 1352 sit
438 1300 473 1352 dc
496 1299 547 1366 ria,
572 1300 653 1353 modo
677 1317 712 1353 ne
736 1315 842 1352 summa
867 1300 1011 1366 turpitudo

162 1378 306 1442 sequatur:
320 1377 362 1427 est
374 1375 446 1428 enim
459 1378 594 1441 quatenns
606 1375 742 1430 amicitiae
755 1374 816 1428 dari
827 1374 906 1428 venia
918 1376 1011 1442 possit.

161 1450 188 1502 N
190 1466 221 1503 ec
237 1461 301 1504 vero
317 1448 481 1517 negligenda
497 1454 540 1504 est
555 1451 635 1517 fama,
653 1467 702 1504 nec
719 1450 855 1503 mediocre
873 1449 959 1503 telum
975 1451 1012 1504 ad

64 1563 71 1572 s
161 1541 206 1578 res
221 1525 356 1591 gerendas
373 1525 530 1580 existimare
546 1529 655 1595 oportet
670 1525 888 1580 benevolentiam
906 1527 1011 1592 civium,

161 1617 243 1668 quam
255 1599 395 1655 blanditiis
407 1604 437 1655 et
449 1602 613 1656 assentando
625 1594 751 1670 colligere
763 1605 844 1668 turpe
853 1603 912 1664 est;
923 1601 1010 1656 virtus

161 1693 243 1746 quam
255 1678 381 1747 sequitur
392 1679 491 1732 caritas
503 1678 615 1732 minime
626 1677 796 1747 repudianda
808 1680 859 1732 est.
895 1682 935 1732 62.
955 1677 1010 1732 Sed

160 1769 241 1822 saepe
251 1754 322 1807 enim
335 1755 419 1809 redeo
432 1754 468 1808 ad
483 1755 637 1825 Scipionem
651 1754 730 1823 cujus
744 1754 831 1807 omnis
845 1769 935 1807 sermo
949 1759 1010 1808 erat

160 1829 195 1883 de
207 1830 332 1899 amicitia,
346 1831 514 1899 querebatur
527 1832 601 1901 quod
613 1831 738 1888 omnibus
749 1831 778 1884 iu
790 1830 874 1884 rebus
887 1828 1010 1883 homiues

159 1904 346 1973 diligentiores
375 1911 483 1973 essent;
513 1924 609 1975 capras
638 1909 667 1960 et
697 1922 761 1960 oves
784 1909 860 1975 ‚quot
887 1906 1010 1975 ,quisque
1115 1943 1122 1957 .

158 1980 273 2036 haberet
291 1982 383 2037 dicere
401 1999 488 2051 posse,
514 1983 614 2036 amicos
635 1985 702 2051 quot
720 1981 834 2035 haberet
854 1998 908 2036 non
929 1997 1010 2051 posse

159 2056 268 2123 dicere;
284 2058 357 2111 etin
373 2059 427 2113 illis
444 2060 555 2128 quidem
572 2055 700 2127 parandis
716 2058 847 2112 adhibere
863 2074 964 2124 curam,
979 2058 1009 2111 in

158 2134 251 2188 aulicis
262 2134 395 2201 eligendis
407 2136 579 2203 negligentes
591 2152 651 2189 esse
661 2151 711 2187 nec
723 2134 825 2187 habere
840 2134 918 2202 quasi
932 2134 1010 2201 signa

158 2210 292 2277 quaedam
309 2213 338 2263 et
352 2214 433 2265 notas
450 2211 549 2279 quibus
568 2226 615 2264 eos
632 2211 680 2277 qui
697 2210 734 2263 ad
751 2210 899 2263 amicitiam
917 2212 1010 2263 essent

157 2285 249 2339 idonei
270 2285 436 2353 judicarent.
472 2286 543 2339 Sunt
568 2285 653 2352 igitur
678 2286 750 2338 firmi
779 2289 808 2340 et
837 2285 950 2338 stabiles
980 2288 1009 2339 et

157 2364 315 2415 constantes
327 2361 454 2429 eligendi,
465 2362 543 2429 cujus
555 2362 665 2427 generis
676 2364 720 2413 est
731 2376 829 2427 magna
841 2361 961 2427 penuria,
979 2363 1009 2413 et

154 2436 280 2504 judicare
296 2436 405 2489 difficile
422 2439 464 2489 est
481 2453 545 2489 sane
561 2436 614 2489 uisi
632 2438 794 2503 expertum3
812 2434 1008 2501 experiendum

61 2547 63 2551 -
158 2516 202 2565 est
225 2514 318 2564 autem
340 2512 370 2563 in
393 2512 454 2579 ipsa
477 2511 613 2576 amicitia;
647 2511 688 2563 ita
710 2510 863 2578 praecurrit
889 2510 1009 2564 amicitia

154 2585 290 2653 ,judicium
322 2587 450 2655 tollitque
482 2587 642 2656 experiendi
674 2589 847 2655 potestatem.
892 2591 932 2639 63.
957 2586 1008 2640 Est

157 2662 243 2730 igitur
267 2663 412 2733 prudentis
441 2663 577 2718 sustinere
605 2667 638 2717 ut
667 2679 776 2717 cunum
807 2662 845 2715 sic
874 2662 1007 2730 impetum

157 2736 370 2805 benevolentiae,
396 2756 450 2808 quo
467 2742 585 2794 'utamur
610 2739 689 2808 quasi
715 2738 792 2807 equis
819 2738 942 2805 tentatis,
968 2738 1007 2791 sio

158 2814 291 2882 amicitiis,
312 2815 404 2883 aliqua
423 2818 504 2884 parte
523 2816 687 2885 periclitatis
706 2814 827 2867 moribus
851 2815 1021 2881 amicorum„

159 2890 275 2954 Quidam
299 2907 382 2961 saepo
405 2892 433 2945 in
456 2909 541 2961 parva
559 2892 675 2961 pecunia
698 2892 901 2960 perspiciuntur
924 2907 1005 2957 quam

158 2966 213 3020 sint
224 2967 314 3023 leves:
338 2968 450 3037 quidam
462 2967 586 3038 [antemi
596 2984 665 3037 quos
676 2984 760 3036 parva
772 2983 882 3019 movere
894 2982 947 3019 non
958 2982 1006 3033 po

157 3044 220 3111 tuit,
234 3047 433 3112 cognoscuntur
448 3044 478 3097 iu
494 3061 600 3113 magna
636 3044 684 3097 Sin
701 3046 782 3096 erunt
800 3042 885 3109 aliqui
902 3039 1005 3107 reperti

157 3119 204 3187 qui
220 3122 363 3189 pecuniam
377 3120 516 3189 praeferre
530 3120 667 3175 amicitiae
681 3117 823 3173 sordidum
839 3116 1005 3179 existiment,

155 3194 202 3249 ubi
221 3213 268 3251 eos
285 3196 454 3251 inveniemus
472 3197 520 3266 qui
539 3196 664 3265 honores,
681 3196 866 3263 magistratus,
883 3190 1005 3257 imperia,
