2250 3450
356 163 611 212 EPISTULARUM
628 163 731 211 LIBRI
748 164 830 213 DUO.
987 169 1017 215 89

166 251 197 304 te
218 249 287 304 scire
310 245 397 314 cupio.
432 244 516 313 Spem
539 245 686 299 maximam
711 243 800 300 habeo
822 245 852 300 in
875 245 962 301 Balbo
982 249 1018 302 ad

168 343 250 393 quem
267 323 302 378 da
317 327 347 377 te
361 321 573 390 diligentissime
589 325 618 376 et
633 322 791 390 saepissime
808 322 906 378 scribo.
942 323 1017 378 Illud

167 401 241 455 soleo
252 399 355 465 mirari,
366 415 420 452 non
432 415 477 452 me
489 398 573 452 toties
585 399 708 467 accipere
722 403 785 453 tuas
800 399 897 454 literas
909 401 1017 469 quoties

166 495 182 531 a
195 477 298 543 Quinte
308 476 375 529 mihi
386 475 472 529 fratre
485 475 641 529 afferantur.
677 476 710 528 In
724 476 866 529 Britannia
877 475 944 529 nihil
956 492 1016 530 esse

165 553 247 607 audio
263 569 353 621 neque
367 553 426 606 auri
438 569 527 621 neque
540 552 653 620 argenti.
691 552 726 606 Id
738 552 761 606 si
774 553 814 606 ita
826 555 876 620 est,
888 552 1014 607 essedum

166 630 276 698 aliquod
288 629 379 699 capias
391 629 501 696 suadeo,
511 632 541 683 et
552 629 589 682 ad
598 644 648 682 nos
660 645 742 698 quam
754 628 872 697 primum
882 645 1016 684 recurras.

166 706 214 760 Sin
232 710 323 760 autem
341 707 399 760 sina
414 705 557 759 Britannia
572 709 665 760 tamen
682 705 790 774 assequi
803 704 878 773 quod
891 704 1015 759 volumus

165 799 317 851 possumus,
329 783 431 852 pertice
445 785 477 835 ut
493 782 530 835 sis
543 782 572 834 in
584 780 763 834 familiaribus
776 780 908 835 Caesaris.
944 780 1015 835 Mul·

165 861 225 913 tum
244 863 274 914 te
293 859 321 912 in
340 875 373 912 eo
391 859 478 912 irater
498 857 643 926 adjuvabit
661 874 746 923 meus,
761 857 878 911 multum
896 856 1016 924 Balbus;

165 934 222 1000 sed,
235 935 301 987 mihi
317 933 406 1000 erede,
419 938 483 988 tuus
497 935 588 1003 pudor
600 938 628 989 et
640 933 718 988 labor
732 933 888 1002 plurimum.
924 933 1014 1002 Impes

165 1012 285 1064 retorem
297 1010 523 1078 liberalissimum,
536 1014 657 1065 aetatem
673 1010 936 1079 opportunissimam,
945 1025 1015 1063 com-

165 1087 367 1142 mendationem
379 1091 454 1141 certe
471 1088 644 1156 singularem,
657 1091 690 1142 ut
702 1087 753 1141 tibi
765 1102 849 1140 unum
861 1086 1015 1141 timendum

165 1162 203 1218 sit
213 1179 249 1217 ne
259 1163 319 1233 ipse
331 1164 382 1218 tibi
395 1164 514 1218 defuisse
526 1164 647 1218 videare.

317 1283 355 1332 40.
385 1284 423 1331 Μ.
442 1283 569 1332 CICERO
586 1283 611 1331 S.
629 1283 662 1332 D.
680 1283 867 1332 TREBATIO.

428 1379 754 1441 mmw.mmowm

165 1462 233 1529 Legi
251 1465 314 1516 tuas
331 1460 425 1514 literas
442 1477 476 1514 ex
494 1460 731 1528 quibusintellexi
747 1463 777 1513 te
792 1459 903 1514 Caesari
920 1461 1016 1511 nostro

164 1537 244 1591 valde
257 1536 323 1604 jure
337 1535 490 1589 consultum
509 1535 604 1591 videri.
641 1537 692 1590 Est
710 1535 785 1604 quod
803 1534 924 1604 gaudeas
938 1537 968 1588 te
986 1535 1015 1587 iu

164 1615 218 1667 ista
233 1613 292 1666 loca
306 1611 412 1667 venisse
426 1611 472 1665 ubi
491 1611 602 1688 aliquid¹
610 1628 706 1681 sapere
723 1612 856 1666 viderere.
893 1609 974 1674 Quod
992 1610 1015 1663 si

163 1691 191 1744 in
204 1688 374 1744 Britanniam
387 1704 496 1757 quoque
509 1689 650 1759 proiectus
666 1704 748 1757 esses,
761 1688 883 1758 proiecto
894 1702 976 1741 neme
986 1686 1014 1739 in

163 1767 210 1820 illa
225 1768 304 1820 tanta
319 1765 539 1835 insula‘peritior
557 1768 587 1820 10
605 1766 711 1821 fuisset.
748 1763 1015 1819 Verumtamen-ri-

164 1844 277 1897 deamus
292 1842 363 1907 lieet,
378 1859 439 1896 sum
453 1843 525 1896 enim
540 1857 557 1896 a
573 1846 603 1897 te
619 1838 947 1896 invitatus-subinvideo
963 1838 1014 1894 tibi

163 1919 235 1973 ultro
253 1923 283 1973 te
300 1919 383 1972 etiam
401 1919 562 1973 arcessitum
581 1918 616 1972 ab
635 1935 673 1971 eo·
685 1918 722 1971 ad
746 1934 828 1994 quem
852 1916 937 1971 ceteri
960 1931 1014 1968 non

163 1999 276 2064 propter
297 1994 452 2063 superbiam
472 1994 532 2063 ejus
548 1996 599 2048 sed
612 2000 726 2065 propter
744 1994 948 2063 occupationem
967 1992 1014 2046 ad·

164 2072 269 2139 spirare
282 2087 337 2124 non
350 2075 474 2140 possunt.
509 2072 565 2126 Sed
582 2076 614 2126 tu
630 2074 658 2125 in
673 2074 727 2126 ista
740 2071 857 2141 epistola
868 2070 935 2124 nihil
946 2069 1013 2123 mihi

164 2146 296 2212 scripsisti
309 2145 345 2199 dc
356 2147 411 2199 tuis
423 2146 514 2215 rebus,
523 2164 595 2215 quaa
607 2148 761 2202 mehercule
774 2148 841 2201 mihi
853 2162 907 2200 non
915 2146 1014 2200 minori

164 2237 245 2275 curae
264 2224 328 2274 sunt
348 2236 431 2288 quam
451 2237 535 2275 meae.
582 2222 671 2275 Valde
689 2227 783 2276 metue
807 2239 842 2275 ne
861 2223 962 2289 frigeas
985 2220 1013 2274 in

164 2296 290 2351 hibernis.
328 2293 511 2360 Quamobrem
527 2295 633 2348 camino
638 2296 787 2361 luculente
802 2298 937 2351 utendum
954 2314 1014 2351 cen·

164 2389 226 2438 se0;
252 2371 326 2425 idem
346 2370 438 2424 Mucio
458 2374 487 2425 et
504 2371 617 2425 Manilio
630 2372 765 2443 placebat,
783 2373 947 2443 praesertim
967 2373 1014 2441 qui

164 2449 236 2516 sagis
253 2465 307 2501 non
325 2445 486 2501 abundares.
524 2447 696 2515 Quamquam
714 2464 762 2501 vos
780 2465 851 2501 nunc
868 2448 931 2501 istic
944 2449 1014 2503 satis

163 2525 253 2579 calere
264 2523 361 2589 audi03
380 2540 434 2592 quo
446 2523 559 2593 quidem
574 2524 669 2577 nuntio
679 2523 759 2578 valde
771 2523 926 2578 mehercule
937 2524 972 2577 de
984 2528 1014 2579 te

163 2601 316 2654 timueram
352 2599 408 2652 Sed
419 2603 452 2654 tu
465 2598 493 2652 in
505 2616 537 2652 re
549 2598 661 2653 militari
673 2599 760 2653 multo
773 2616 802 2653 es
814 2599 920 2653 cautior
931 2616 1013 2669 quam

163 2678 191 2730 in
209 2675 440 2744 advocationibus,
454 2676 501 2746 qui
518 2692 609 2745 neque
621 2676 649 2729 in
667 2675 775 2730 Oceano
787 2679 883 2731 natare
895 2675 1013 2729 volueris

164 2753 379 2807 studiosissimus
390 2753 472 2806 homo
483 2752 604 2820 natandi,
616 2770 705 2821 neque
717 2757 842 2823 spectare
854 2753 1013 2821 essedarios,

165 2845 247 2897 quem
267 2832 349 2883 antea
368 2845 404 2883 ne
428 2827 595 2882 andabatam
616 2828 728 2898 quidem
752 2828 915 2883 defraudare
937 2833 1013 2898 pote·

165 2921 264 2957 ramus.

200 2980 321 3048 Sedjam
333 2980 401 3035 satis
408 2979 496 3049 jocati
509 2998 609 3036 sumus.
646 2982 706 3051 Ego
722 2982 758 3037 de
774 2985 803 3037 te
818 2982 854 3036 ad
869 2982 1011 3038 Gaesarem
1121 2978 1122 2983 '

166 3072 248 3125 quam
264 3056 411 3125 diligenter
426 3057 581 3124 scripserim
597 3061 658 3112 tute
674 3058 741 3123 seis;
759 3072 842 3126 quam
856 3072 939 3127 saepe
957 3073 1014 3125 ego.

167 3131 223 3185 Sed
247 3133 400 3187 mehercule
419 3132 478 3200 jam
502 3134 703 3186 intermiseram
731 3153 766 3190 ne
789 3136 897 3190 viderer
920 3133 1017 3188 libera·

166 3209 262 3265 lissimi
278 3207 394 3262 hominis
412 3208 522 3277 meique
538 3207 721 3263 amantissimi
739 3205 872 3265 voluntati
889 3220 956 3272 erga
972 3218 1017 3257 me

1048 3286 1121 3415 A
