2250 3450
363 149 619 198 EPISTOLARUM
636 147 740 197 LIBRI
756 148 839 198 DUO.
999 154 1030 203 97

179 228 259 283 Tiro:
276 228 477 297 praestaboque
489 231 518 281 et
530 229 620 281 enitar
632 230 665 281 ut
677 227 705 280 in
718 226 778 280 dies
790 227 877 295 magis
888 230 1032 299 magIsque

178 304 246 357 haec
268 321 381 357 nascens
405 304 441 357 de
461 320 505 356 me
526 303 682 371 duplicetur
706 303 804 371 opinio.
840 303 931 368 Quare
956 306 1032 374 quod

179 379 315 447 polliceris
339 383 369 432 te
391 379 595 433 buccinatorem
621 379 680 433 sore
707 379 917 434 existimationis
944 397 1030 446 meae,

179 455 259 508 firmo
269 455 300 508 id
311 455 500 523 constantique
516 455 704 511 animolacias
718 455 789 508 licet.
825 455 942 509 Tantum
959 456 1029 509 euim

178 531 245 584 mihi
270 530 391 585 dolorem
412 531 619 600 cruciatumque
639 531 794 585 attulerunt
813 534 905 585 errata
929 531 1030 586 aetatis

178 622 262 672 meae,
273 610 306 661 ut
317 623 370 660 non
383 608 470 660 solum
486 607 592 660 animus
606 623 623 659 a
638 607 719 660 lactis
732 606 782 660 sed
798 623 878 660 aures
890 624 1001 676 quoque
1013 624 1029 661 a

177 683 434 737 commemoratione
460 682 635 737 abhorreant.
671 683 757 750 Cujus
784 682 1029 738 tesollicitudinis

178 761 207 813 et
226 759 326 813 doloris
345 758 508 828 participem
526 759 611 813 irrisae
631 762 725 816 uotum
742 759 968 828 exploratumque
986 767 1029 814 cst

177 834 261 900 mihi;
287 851 338 889 nec
358 834 388 888 id
408 837 514 890 mirum.
550 835 622 888 Nam
647 851 731 902 quum
755 835 844 888 omnia
864 850 925 888 mea
947 851 1029 890 causa

177 910 261 964 velles
275 911 342 964 mihi
363 928 495 979 successa,
512 915 573 966 tum
590 911 675 966 etiam
695 914 758 976 tua;
782 910 884 964 socium
905 911 977 964 enim
997 915 1027 966 te

176 1002 299 1040 meorum
322 989 524 1041 commodorum
554 1003 663 1055 semper
681 986 753 1040 'esse
777 986 857 1040 volui.
892 986 1027 1051 Quoniam

175 1061 260 1130 igitur
275 1066 336 1116 tum
347 1080 382 1116 ex
398 1080 442 1118 me
456 1062 578 1130 doluisti,
594 1079 665 1116 nunc
680 1066 713 1115 ut
727 1061 881 1130 duplicetur
897 1065 977 1116 tuum
992 1081 1025 1118 ex

175 1153 221 1191 me
242 1138 373 1206 gaudium
400 1139 553 1207 praestabo.
589 1138 722 1207 Cratippo
745 1154 789 1190 mc
818 1137 886 1191 scito
914 1155 969 1192 non
993 1143 1026 1194 ut·

176 1212 339 1283 discipulum
359 1214 408 1268 sed
424 1220 457 1270 ut
474 1215 561 1268 filium
580 1230 640 1268 esse
658 1211 915 1281 conjunctissimum.
952 1216 1025 1270 Nam

175 1288 282 1358 [quum]
299 1290 381 1344 audio
398 1291 475 1350 ilbrm
492 1291 619 1355 libenter,
632 1292 692 1343 tum
708 1288 792 1343 etiam
809 1291 947 1358 propriam
966 1290 1026 1359 ejus

175 1366 338 1420 suavitatem
346 1366 523 1420 vehementer
533 1360 691 1435 amplector.
729 1365 795 1418 Sum
807 1369 880 1418 totos
892 1365 951 1418 dies
963 1383 1026 1423 cum

175 1455 214 1505 eo,
237 1442 379 1509 noctisque
396 1458 603 1512 saepenumero
625 1444 757 1509 partem,
775 1441 865 1493 Exoro
893 1441 966 1512 enim
993 1446 1026 1497 ut

174 1531 281 1569 mecum
300 1533 382 1585 quam
398 1518 555 1586 saepissime
571 1520 673 1570 caenet.
711 1517 772 1571 Hac
791 1516 948 1570 introducta
963 1533 1025 1572 con-

174 1591 327 1652 suetudine,
345 1609 426 1661 saepe
443 1592 621 1648 inscientibus
638 1591 716 1645 nobis
734 1595 764 1645 et
782 1590 957 1645 caenantibus
977 1593 1025 1647 ob

174 1667 254 1736 repit,
272 1667 434 1737 sublataque
455 1669 604 1722 severitate
623 1667 809 1738 philosophiae
830 1666 1025 1725 humanissime

173 1743 312 1797 uobiscum
328 1744 445 1811 jocatur·
481 1744 572 1809 Quare
593 1744 629 1798 da
648 1760 759 1812 operam
780 1747 812 1804 ut
835 1743 907 1797 hunc
931 1745 1022 1817 talem,

172 1823 229 1873 tam
248 1820 409 1889 jucundum,
432 1825 489 1875 tam
513 1820 692 1875 excellentem
713 1820 802 1873 virum
823 1819 916 1873 videas
941 1837 1023 1889 quarn

172 1896 296 1962 primurn
332 1897 405 1950 Nam
429 1897 496 1966 quid
524 1913 575 1965 ego
603 1896 639 1951 de
669 1895 779 1949 Bruttio
804 1894 912 1950 dieaml
940 1913 1022 1965 quem

172 1972 245 2025 nullo
261 1976 386 2041 tempore
397 1989 414 2026 a
425 1989 470 2027 me
485 1974 577 2042 patior
589 1971 740 2037 discedere,
758 1970 837 2039 cujus
854 1988 939 2039 quum
950 1973 1023 2041 frugi

172 2063 321 2118 severaque
339 2053 382 2103 est
399 2049 464 2117 rita,
483 2048 548 2103 tum⁴
563 2049 647 2103 etiam
662 2047 862 2116 jucundissima
882 2048 1022 2103 convictio.

172 2121 198 2175 N
200 2140 233 2175 ou
247 2127 290 2177 est
302 2124 374 2177 enim
388 2124 528 2192 sejunctus
540 2124 620 2193 jocus
636 2140 653 2177 a
670 2131 801 2189 φιλολαγίᾳ
819 2126 848 2177 et
862 2123 1023 2193 quotidiana

172 2205 307 2262 συζητήσει,
342 2199 416 2253 Huic
433 2216 483 2267 ego
501 2200 590 2254 locum
608 2200 636 2254 in
654 2199 779 2269 proximo
797 2198 923 2264 conduxi,
943 2203 972 2254 et
989 2203 1022 2254 ut

170 2290 282 2342 possum
304 2290 339 2328 ex
357 2275 427 2329 meis
448 2276 583 2343 angustiis
606 2275 680 2329 illius
704 2278 829 2329 sustento
849 2274 1021 2329 tenuitatem.

172 2349 319 2404 Praeterea
342 2350 643 2406 declamitare-Graece
662 2351 736 2419 apud
756 2350 880 2405 Cassium
899 2350 1021 2405 institui:

170 2425 268 2479 Latine
297 2429 390 2479 autem
419 2427 492 2494 apud
522 2427 664 2481 Bruttium
694 2426 816 2480 exerceri
846 2424 914 2479 volo.
950 2425 1022 2479 Utor

169 2501 349 2555 familiaribus
372 2507 401 2556 et
422 2502 589 2570 quotidianis
610 2502 818 2568 convictoribus,
840 2517 909 2570 quos
929 2517 1021 2555 secum

170 2576 310 2645 Mitylenis
323 2578 470 2647 Cratippus
481 2577 606 2646 adduxit,
619 2576 772 2631 hominibus
788 2579 816 2630 et
833 2576 922 2630 doctis
934 2579 963 2631 ot
981 2577 1020 2630 illi

168 2652 376 2720 probatissimis.
410 2653 531 2707 Multum
558 2655 632 2708 enim
661 2669 767 2707 mecum
797 2657 840 2707 est
870 2652 1021 2720 Epicrates,

168 2728 295 2798 princeps
315 2730 532 2798 Atheniensium,
549 2734 579 2784 et
601 2730 744 2798 Leonides,
766 2732 796 2782 et
816 2728 914 2782 horum
935 2730 1021 2782 ceteri

168 2804 279 2859 similes.
315 2812 351 2859 'ra
361 2813 404 2869 μὲν
415 2809 456 2859 οὖν
467 2812 520 2859 καθ’
533 2813 595 2870 ἡμᾶς
606 2814 670 2859 τάδε.

222 2880 265 2933 De
283 2880 386 2948 Gorgia
404 2885 497 2935 autern
519 2882 594 2950 quod
614 2881 680 2935 mihi
702 2879 806 2948 scribis,
825 2881 886 2934 erat
908 2878 1020 2947 quidem

168 2954 215 3008 ille
229 2955 257 3008 in
274 2956 434 3024 quotidiana
451 2955 649 3010 declamatione
665 2956 754 3010 utilis:
774 2955 823 3009 sed
839 2954 930 3009 omnia
945 2960 1020 3022 post

168 3031 247 3098 posui
271 3031 419 3084 dummodo
440 3033 594 3100 praeceptis
614 3032 701 3099 patris
720 3046 852 3099 parerem.
888 3035 1020 3095 Διαρῤήδην

168 3106 241 3158 enirn
267 3108 416 3174 scripserat
443 3110 475 3160 ut
502 3123 565 3160 eum
591 3106 760 3161 dimitterem
789 3105 890 3159 statim.
926 3103 1020 3169 Tergi-

169 3182 273 3235 versari
288 3182 371 3249 nolui,
387 3197 502 3236 nemea
516 3182 600 3235 nimia
616 3188 709 3245 σπουδή
729 3180 909 3248 suspicionem
928 3179 955 3232 ei
971 3177 1020 3231 ali·-

1109 3118 1111 3235 l
