2250 3450
325 199 330 218 x
353 137 445 188 OATO
464 137 595 186 MAJOR„
631 137 709 186 GAP.
727 135 807 186 XIX.
978 143 1010 189 23

157 232 221 274 rare
232 218 307 274 idem
318 235 402 274 senex
414 235 467 272 uon
480 222 579 288 potest.
617 219 785 288 Insipienter
796 222 898 287 sperat.
936 218 1011 285 Quid

158 295 232 349 enirn
244 296 355 350 stultius
373 313 455 364 quarn
473 296 579 350 incerta
595 313 647 366 pro
665 296 748 351 certis
759 295 868 363 habero,
879 296 948 350 falsa
959 315 1010 366 pro

157 371 246 426 veris?
282 371 372 426 Senex
390 389 424 424 ne
443 372 516 440 quod
534 380 629 442 speret
647 376 757 443 quidem
776 375 869 428 habet.
911 374 949 427 At
966 378 1010 428 661

156 459 191 496 66
213 445 326 500 meliore
346 447 501 502 conditione
524 466 607 517 quam
631 449 795 523 adolescens,
819 449 948 516 qumis-111
961 449 1010 512 id,

157 519 232 586 quod
248 521 292 572 ille
306 523 462 588 sperat‚.hic
475 523 557 592 [jam]
570 527 731 578 consecutus
745 529 795 578 est.
826 523 879 576 Ille
891 523 950 577 vult
963 523 1010 576 diu

161 592 268 658 vivere3
285 593 330 646 hic
341 591 391 646 diu
402 593 479 646 vixit.
507 598 549 648 69.
570 593 748 663 Quamquam,
761 611 777 646 o
790 593 835 646 Dii
847 593 925 647 boni!
945 593 1013 662 quid

161 671 206 722 661
222 669 252 722 in
268 668 385 722 hominis
398 669 455 723 vita
473 669 535 724 diu!
574 669 617 723 Da
629 671 702 723 enim
714 686 872 738 supremum
888 672 1020 738 tempusa

161 747 349 812 exspectemus
368 744 567 799 Tartessiorum
584 745 658 814 regis
675 750 801 815 aetatem.
841 746 907 799 Fuit
931 746 1011 806 onim.

160 823 193 872 ut
212 820 345 888 scriptum
360 821 447 889 videa
468 821 673 890 Arganthonius
691 821 804 889 quidam
822 822 946 876 Gadibus
964 823 1011 890 qui

161 897 300 964 octoginta
310 897 435 964 regnavit
446 914 538 967 annos,
557 901 667 952 eentum
684 901 714 951 et
730 897 828 966 viginti
843 898 920 954 vixit.
956 898 1012 952 Sed

160 972 284 1026 mihine
303 973 464 1036 diuturnum
482 973 594 1042 quidem
612 973 762 1042 quidquam
782 974 893 1028 videtur
909 974 939 1027 in
956 990 1011 1043 quo

160 1052 204 1104 est
215 1049 319 1118 aliquid
331 1052 498 1105 extremum:
511 1067 595 1119 quum
608 1050 681 1104 enim
693 1050 723 1103 id
733 1051 854 1119 advenit,
866 1055 932 1105 tunc
942 1051 1011 1104 illud

68 1127 72 1133 '
160 1126 235 1195 quod
248 1127 392 1195 praeteriit
406 1127 525 1181 effluxit:
544 1130 654 1181 tantum
671 1131 797 1180 remanet
815 1126 890 1195 quod
907 1126 1010 1181 virtute

159 1205 189 1256 61
201 1205 276 1256 recte
287 1203 366 1256 factis
378 1207 537 1257 consecutus
550 1203 595 1256 sis.
631 1203 725 1256 Horae
736 1202 849 1270 quidem
861 1202 963 1255 cedunt
981 1206 1010 1257 et

159 1278 218 1332 dics
231 1282 260 1332 et
271 1295 377 1332 menses
390 1282 419 1332 et
431 1279 502 1346 anni,
514 1295 565 1332 nec
576 1279 758 1347 praeteritum
769 1281 879 1347 tempus
889 1294 1010 1345 unquam

160 1355 317 1421 revertitur,
330 1371 380 1408 nec
393 1354 460 1422 quid
472 1357 605 1423 sequatur
614 1354 677 1407 seiri
688 1357 789 1423 potest
820 1351 901 1417 Quod
912 1353 1010 1421 cuique

160 1431 292 1498 temporis
307 1429 343 1482 ad
360 1429 506 1484 vivendum
524 1430 615 1498 datur,
631 1446 665 1484 eo
683 1428 768 1483 debet
783 1445 844 1483 esse
858 1431 1009 1482 contentus.

162 1509 207 1564 70:
220 1506 318 1574 Neque
336 1506 408 1559 enim
425 1505 551 1559 histrioni
568 1509 602 1559 ut
618 1506 725 1574 placeat
742 1505 901 1576 peragenda
917 1502 1010 1558 fabula

160 1585 219 1647 est;
236 1582 317 1636 modo
334 1582 363 1636 in
382 1598 542 1651 quocunque
560 1582 644 1636 fixerit
661 1585 725 1636 notu
736 1580 883 1650 probetur;
901 1596 952 1634 nec
969 1597 1009 1633 sa

159 1658 247 1728 pienti
264 1675 352 1728 usque
370 1658 407 1712 ad
420 1658 548 1712 Plaudite
559 1657 724 1712 veniendum
741 1661 792 1711 est.
828 1657 918 1710 Breve
935 1655 1009 1710 enim

159 1738 269 1805 tempus
292 1734 392 1789 aetatis
417 1734 484 1789 satis
506 1739 549 1790 est
570 1735 681 1803 longum
699 1734 735 1788 ad
752 1734 824 1789 bene
840 1733 1009 1802 honesteque

159 1811 314 1866 vivendum.
350 1812 398 1867 Sin
415 1811 580 1881 processeris
603 1811 717 1880 longius,
738 1828 792 1864 non
810 1811 898 1879 magis
916 1809 1008 1863 dolen-

159 1887 227 1942 dum
244 1891 288 1943 est
305 1905 387 1956 quam
403 1886 538 1957 agricolae
558 1887 660 1956 dolent,
678 1886 829 1956 praeterita
844 1886 921 1941 verni
939 1890 1008 1939 tem-

158 1963 234 2033 poris
255 1964 390 2019 suavitate
407 1967 541 2019 aestatem
563 1967 780 2032 autumnumque
797 1963 911 2023 venisse.
949 1962 1008 2015 Ver

158 2040 233 2093 enim
259 2044 399 2110 tamquam
427 2040 640 2095 adolescentiam
668 2040 804 2107 significat
832 2039 1007 2106 ostenditque

159 2116 264 2171 fructus
278 2116 400 2170 futuros:
417 2116 523 2185 reliqua
539 2119 665 2185 tempora
682 2114 856 2169 demetendis
873 2114 1007 2167 fructibus

159 2195 190 2245 et
200 2192 383 2261 percipiendis
396 2190 600 2246 accommodata
610 2194 682 2245 sunt.
719 2194 759 2249 71.
778 2191 896 2243 Fructus
914 2192 1006 2243 autem

160 2270 308 2323 senectutis
328 2272 377 2334 est,
393 2271 425 2321 ut
444 2284 526 2336 saepe
546 2267 613 2334 dixi,
630 2271 696 2321 ante
713 2270 855 2336 partomm
875 2265 1007 2318 bonorum

160 2344 291 2397 memoria
309 2348 338 2397 et
349 2344 432 2412 copia.
469 2344 569 2397 Omnia
583 2361 655 2412 varo,
674 2359 745 2412 quae
763 2342 912 2397 secundum
928 2345 1007 2395 natu-

161 2435 220 2472 ram
232 2419 309 2486 fiunt,
322 2422 387 2473 sunt
398 2418 525 2473 habenda
536 2420 564 2472 in
577 2419 660 2474 bonis
698 2419 771 2484 Quid
783 2422 826 2473 est
842 2422 935 2472 autem
950 2421 1007 2472 tam

161 2495 311 2549 secundum
335 2498 462 2548 naturam
481 2511 564 2563 quam
585 2496 696 2549 senibus
714 2496 816 2550 amorii
842 2494 916 2564 quod
933 2494 1007 2547 idem

161 2571 297 2639 contingit
315 2571 533 2625 adolescentibus
551 2572 714 2627 adversante
731 2576 761 2627 et
776 2574 946 2642 repugnante
962 2588 1009 2624 uu-

161 2650 232 2701 tura.
268 2648 368 2717 Itaque
386 2648 572 2702 adolescentes
589 2649 658 2702 mori
675 2650 714 2703 sic
735 2648 802 2702 mihi
822 2648 957 2712 videntur,
975 2651 1008 2700 ut

162 2740 246 2792 quum
258 2740 345 2793 aquae
358 2724 534 2779 multitudine
546 2726 587 2779 116
599 2725 723 2779 flammae
735 2724 911 2793 opprimitur:
929 2739 1008 2777 senos

160 2804 254 2854 autom
275 2801 346 2854 sicut
364 2818 413 2855 sua
432 2804 528 2870 sponte
549 2801 625 2855 nulla
645 2801 769 2855 adhibita
785 2801 812 2854 vi
830 2801 1007 2867 consumptus

160 2876 231 2944 iguis
254 2877 451 2945 exstinguitur:
482 2881 511 2932 et
538 2878 617 2947 quasi
640 2895 721 2947 poma
747 2895 782 2931 ex
809 2875 961 2940 arboribus,
984 2876 1007 2927 si
1062 2931 1068 2939 ,

161 2952 335 3022 crudosum,
355 2954 382 3007 11
419 2955 588 3019 avelluntur3
612 2954 635 3007 si
653 2957 762 3008 matura
782 2956 811 3007 61
832 2954 915 3015 cocta,
936 2950 1009 3002 deci-

161 3029 232 3083 dunt
243 3049 248 3083 :
258 3030 304 3083 sic
319 3031 404 3085 vitam
421 3030 640 3085 adolescentibus
650 3030 692 3083 vis
707 3030 805 3096 aufert,
823 3026 934 3081 senibus
951 3040 1008 3076 ma

161 3106 279 3171 turitas3
304 3122 375 3175 quae
396 3107 507 3175 quidem
528 3105 595 3159 mihi
613 3108 671 3158 tam
691 3104 815 3172 jucunda
835 3104 879 3155 est
896 3102 936 3163 ut,
953 3113 1008 3164 quo

160 3182 272 3251 propius
301 3182 345 3236 ad·
367 3186 484 3237 mortem
513 3180 650 3248 accedam,
679 3180 758 3249 quasi
782 3182 886 3232 terram
913 3171 1008 3225 videre
