2250 3450
348 162 604 218 RPISTOLARUM
623 165 725 214 Lfflru
742 168 825 215 nub.
982 174 1012 225 91
1069 195 1071 200 ·

366 360 368 363 ’
506 389 596 454 mn.
617 389 664 456 11.

164 614 172 634 ,
201 573 225 624 1.
242 573 399 624 TULLIUS
415 575 461 623 ΕΤ
477 575 606 625 CICERO
623 577 750 626 TIRONI
768 575 835 626 SUO
852 576 878 624 S.
896 575 926 625 P.
944 574 978 624 D.

428 678 493 742 (xm.
506 681 530 730 9.
564 693 591 730 n.
603 692 628 730 u.
641 693 663 730 o.
677 679 743 742 704.)

159 753 186 806 N
187 770 249 808 osa
263 758 301 823 te,
317 759 350 811 nt
363 757 423 826 sois,
436 757 611 814 discessimus
626 777 649 814 a
665 760 691 814 d.
707 775 745 815 ιι.
759 759 786 814 N
786 752 829 814 on,
845 759 872 814 N
873 759 1011 814 ovembr.:

159 828 314 885 Leucadem
341 833 464 888 venimus
482 851 507 889 a.
525 835 552 889 d.
572 851 634 891 vm.
657 836 725 890 Idne
749 834 914 890 Novembr:
938 834 1011 890 ad.

158 919 209 960 vu.
229 905 358 975 Aotinm;
385 909 425 963 ibi
447 913 561 980 propter
581 914 776 980 tempestatem
794 927 819 965 a
840 911 867 965 d.
886 927 924 966 vr.
943 910 1011 964 Idus
1096 937 1109 963 ι

158 981 258 1035 morati
271 998 371 1038 sumus.
409 985 481 1040 Inde
494 1003 519 1041 a.
534 982 563 1041 ‹1ss
576 1003 601 1041 v.
618 987 686 1042 Idus
702 987 848 1056 Corcyram
863 978 1012 1041 bellissime

158 1056 353 1126 navigavimus.
388 1060 522 1130 Corcyrae
534 1058 637 1116 luimus
649 1079 736 1132 usque
748 1079 771 1116 a.
783 1062 810 1118 d.
823 1078 880 1117 xvr.
894 1061 1011 1116 Kalend.

158 1130 312 1201 Decembr,
329 1137 544 1205 tempestatibus
568 1139 681 1194 retenti.
718 1139 754 1193 A.
775 1139 801 1192 d
822 1153 867 1192 xv.
893 1136 1010 1194 Kalend.

158 1208 302 1264 Deeembr.
314 1211 344 1265 in
359 1214 470 1281 portum
483 1214 696 1282 Corcyraeorum
710 1213 747 1267 ad
758 1213 907 1281 Cassiopen
921 1211 1012 1268 stadia

158 1298 220 1339 oxx.
231 1288 420 1355 processimus·
456 1288 501 1342 lbi
517 1290 622 1344 retenti
638 1289 728 1343 ventis
741 1305 835 1343 sumus
846 1304 934 1356 usqne
945 1303 969 1340 a
982 1287 1010 1342 d.

158 1373 196 1414 us
215 1360 361 1418 Kalendas
398 1364 511 1418 Interea
528 1364 577 1433 qui
594 1364 693 1434 cupide
710 1364 826 1432 proiecti
841 1366 912 1430 sunt,
930 1362 1011 1418 multi

154 1434 442 1504 iraufragiafeoarrmt.
478 1438 504 1491 N
506 1455 577 1494 oseo
589 1439 634 1494 die
646 1439 903 1494 caenatisolrimus.
940 1437 1011 1492 Inde

158 1516 253 1566 austro
266 1512 412 1581 lenissimo,
427 1513 502 1568 eaelo
517 1531 623 1582 sereno,
635 1517 720 1588 ¹noete
734 1514 782 1569 illa
797 1518 827 1569 at
839 1513 886 1568 dio
900 1516 1012 1583 postero

158 1587 188 1641 in
197 1588 307 1643 ltaliam
315 1590 351 1643 ad
362 1589 538 1657 Hydruntem
547 1589 693 1645 ludibundi
702 1590 890 1660 pervenimus:
903 1588 1012 1644 eodem-

159 1679 213 1735 que
225 1666 308 1718 veulo
325 1663 467 1734 postridie,
480 1665 509 1718 id
521 1669 583 1719 erat
595 1681 619 1720 a.
632 1665 659 1724 d.
671 1681 718 1720 vn.
733 1666 851 1721 Kalend.
864 1662 1011 1726 Decembr.

158 1739 226 1795 hora
243 1744 343 1809 quarta
359 1741 538 1796 Brundisium
553 1743 690 1809 venimus;
714 1743 868 1812 eodemque
883 1745 1011 1811 tempore

157 1817 238 1871 simul
261 1817 402 1877 nobiseum
420 1818 448 1872 in
465 1818 597 1889 oppidum
621 1819 729 1874 introiit
746 1818 876 1874 Terentia
892 1833 963 1887 quae
980 1820 1011 1872 te

156 1893 224 1948 facit
241 1893 359 1962 plurimi.
396 1894 435 1951 A„
454 1894 481 1949 d.
496 1912 521 1951 r.
539 1894 660 1950 Kalend.
685 1894 829 1951 Deoembn
848 1909 943 1955 servus
961 1892 1010 1949 On.

158 1969 262 2023 Planoii
279 1970 420 2033 Brundisii
432 1970 547 2026 tandem
558 1971 706 2039 aliquando
718 1971 785 2031 mihi
796 1988 814 2026 a
825 1972 1010 2039 te'exspecta·

157 2045 277 2099 tissimas
293 2046 390 2100 literas
403 2046 535 2115 reddidit,
549 2048 630 2102 datas
648 2046 746 2101 Idibus
764 2046 921 2114 Novembr,
939 2061 1012 2115 quae

157 2137 202 2175 me
211 2120 336 2175 molestia
343 2122 424 2175 valde
435 2122 567 2177 levarunt
593 2122 707 2177 Utinam
719 2123 829 2177 omnino
837 2121 1009 2175 liberassent

158 2195 215 2251 Sed
226 2200 319 2250 tamen
332 2196 450 2265 Asclapo
462 2197 589 2252 medicus
597 2198 678 2265 plane
694 2197 837 2252 oonlirmat
848 2196 1010 2267 propediem

158 2274 188 2326 te
199 2271 335 2325 valentem
349 2271 414 2325 fore.
452 2272 532 2326 Nunc
544 2272 613 2340 quid
631 2289 682 2341 ogo
697 2275 728 2326 te
743 2272 839 2327 horter
855 2275 888 2325 ut
902 2288 1011 2326 omnem

158 2347 329 2415 diligentiam
344 2346 477 2400 adhibeas
493 2347 530 2400 ad
548 2347 810 2401 convalescendum?
845 2346 932 2400 'luam
948 2363 1012 2415 pru-

87 2480 92 2489 ,
158 2424 289 2487 densam,
303 2424 523 2490 temperantiam,
538 2438 660 2477 amorem
678 2439 745 2491 erga
760 2438 805 2477 me
819 2422 897 2476 novi:
915 2423 971 2477 seio
982 2425 1012 2477 te

158 2499 250 2553 omnia
267 2498 405 2553 facturum
422 2501 454 2551 nt
473 2498 614 2552 nobiseum
634 2515 716 2567 quam
734 2498 854 2567 primum
873 2498 918 2553 sis.
955 2498 1012 2553 Sed

159 2577 251 2629 tamen
274 2575 316 2629 ita
332 2573 415 2629 velim
438 2576 471 2628 ut
493 2590 529 2629 ne
551 2574 621 2644 quid
643 2590 781 2643 properes.
818 2572 1012 2643 symphoniam

159 2650 272 2718 Lysonis
283 2650 381 2705 vellem
392 2649 516 2717 vitasses,
528 2667 564 2705 ne
578 2651 606 2704 in
621 2654 749 2719 quartam
761 2648 936 2704 hebdomada
947 2650 1012 2704 inoi-

159 2726 246 2782 deren
283 2727 339 2781 Sed
351 2727 481 2796 quoniam
492 2727 592 2797 pudori
605 2730 654 2780 tuo
665 2726 786 2781 maluisti
798 2724 914 2795 obsequi
928 2742 1010 2794 quam

157 2803 315 2869 valetudini,
333 2802 441 2871 reliqna
457 2819 529 2858 eura
567 2802 650 2858 Curio
668 2802 730 2857 misi
747 2806 780 2857 ut
798 2802 906 2857 medioo
923 2800 1010 2855 honos

157 2878 314 2952 haberetur,
335 2883 365 2934 et
388 2878 441 2933 tibi
465 2878 548 2933 daret
575 2877 653 2947 quod
681 2894 749 2947 opus
776 2880 864 2933 esset:
893 2892 939 2931 me
967 2878 1011 2931 oui

75 2993 79 2999 ·
152 2955 284 3024 y'nssisset
300 2958 468 3011 curaturum.
504 2955 614 3025 Equum
631 2958 661 3009 at
678 2955 781 3008 mulum
800 2952 942 3008 Brundisii
958 2952 1011 3007 tibi

158 3032 264 3101 reliqui.
300 3032 404 3086 Romae
415 3047 512 3085 vereor
523 3048 558 3085 ne
571 3047 606 3085 ex
619 3030 681 3088 Kal.
694 3030 713 3084 J
715 3047 757 3084 an.
769 3029 861 3097 magni
873 3028 1011 3083 tumultus

158 3109 221 3165 sint.
256 3108 315 3163 Nos
331 3124 444 3177 agemus
457 3107 549 3161 omnia
563 3106 679 3162 modice.
717 3105 865 3174 Reliquum
880 3104 1012 3157 estutte

157 3184 209 3239 hoe
227 3201 321 3253 rogem
340 3189 370 3240 et
388 3201 406 3237 a
424 3186 454 3237 te
471 3188 574 3253 petam,
590 3198 626 3237 ne
640 3185 745 3237 temere
760 3180 878 3248 naviges.
915 3177 1013 3261 Solent
