2250 3450
443 142 609 192 LAELIUS.
644 142 722 192 OAP.
741 142 791 190 IV.
1009 145 1041 196 33

191 223 278 293 ceptis
297 223 352 282 suis
371 221 547 288 crudiemmt;
569 221 614 277 vel
633 220 693 291 ejus
712 222 760 292 qui
780 222 916 293 Apollinis
934 226 1042 280 oraculo

191 300 408 369 sapientissimus
420 304 463 353 cst
471 299 621 367 judicatus,
631 299 679 368 qui
690 316 744 352 non
756 302 816 355 tum
827 299 886 368 hoe,
894 303 954 355 tum
966 301 1042 366 illud,

191 381 224 430 ut
249 377 277 429 in
295 375 441 446 plerisque,
461 375 510 429 sed
533 374 608 428 idem
629 391 745 444 semper,
765 376 880 429 Animos
902 376 1042 430 hominmu

192 469 252 506 esso
271 453 383 518 divinos,
400 452 488 520 iisque
504 467 589 519 quum
605 467 622 503 c
638 467 752 518 corpore
770 451 953 506 excessissent
972 453 1043 506 redi-

191 523 296 582 cumin
314 529 419 582 coelum
436 534 540 596 patere,
555 527 712 596 optimoque
729 531 759 580 et
772 526 926 595 justissimo
943 527 1042 597 cuique

191 605 434 674 expeditissimum.
473 609 511 656 14.
531 603 611 668 Quod
618 602 693 656 idem
705 603 823 672 Scipioni
837 602 983 657 videbatur
994 604 1042 672 qui

192 681 311 750 quidem,
319 681 396 751 quasi
409 681 585 749 praesagiret,
597 680 739 748 perpaucis
748 683 813 733 ante
820 683 937 734 mortem
945 679 1043 734 diebus

192 775 275 826 quum
285 761 314 812 ct
324 757 418 810 Philus
431 761 459 810 et
471 756 599 809 Manilius
610 756 739 811 adessent
748 759 778 810 et
789 755 835 809 alii
847 755 947 824 plures,
955 759 1043 825 tuque

191 835 281 899 etiam,
300 833 434 897 Scaevola,
453 849 557 886 mecum
573 832 700 900 venisses,
718 832 842 886 triduum
860 831 989 886 disseruit
1007 833 1043 887 de

191 926 222 963 rc
239 909 361 978 publica;
382 908 459 977 cujus
477 908 670 978 disputationis
687 908 742 962 fuit
759 912 913 963 extremum
931 908 989 962 iere
1005 910 1042 963 dc

191 984 397 1040 immortalitate
408 985 566 1052 animorum,
576 1001 646 1054 quae
658 1001 688 1038 sc
700 985 728 1037 in
741 985 834 1054 quiete
846 984 994 1054 pervisum
1006 1001 1042 1038 cx

192 1061 323 1115 Africano
334 1061 442 1116 audisse
455 1060 574 1115 dicebat.
610 1059 646 1113 Id
658 1059 682 1114 si
695 1061 735 1114 ita
746 1064 789 1114 est
801 1064 833 1114 ut
845 1060 943 1128 optimi
954 1059 1043 1128 cujus

191 1155 245 1206 que
262 1139 367 1192 animus
384 1139 413 1192 in
430 1141 521 1191 morte
537 1137 664 1191 facillime
682 1137 771 1191 evolet
789 1141 929 1206 tamquam
948 1153 965 1190 e
983 1154 1043 1190 cus-

190 1214 266 1268 todia
277 1215 443 1282 vinculisque
452 1214 582 1282 corporis,
592 1213 635 1266 cui
646 1229 788 1266 censemus
800 1230 908 1266 cursum
922 1212 958 1266 ad
975 1214 1042 1267 deos

190 1290 338 1344 faciliorem
349 1291 433 1343 fuisse
446 1306 528 1358 quam
542 1288 677 1356 Scipionii
713 1287 846 1351 Quocirca
857 1305 980 1342 maerere
991 1289 1042 1344 hoc

191 1365 251 1433 ejus
263 1371 364 1419 eventu
375 1382 471 1418 vereor
482 1381 517 1417 ne
528 1363 614 1416 invidi
625 1363 714 1432 magis
726 1381 807 1432 quam
820 1364 900 1416 amici
912 1364 957 1418 sit.
994 1365 1041 1418 Sin

191 1444 284 1494 autem
302 1440 349 1494 illa
367 1441 474 1494 veriora
491 1443 523 1493 ut
541 1439 616 1493 idem
635 1439 765 1492 interitus
785 1441 821 1494 sit
840 1440 992 1493 animorum
1012 1446 1043 1496 et

191 1532 334 1584 corporum
351 1533 401 1568 nec
417 1515 487 1568 ullus
504 1532 599 1569 sensus
616 1518 734 1582 maneat,
750 1518 782 1569 ut
796 1515 863 1569 nihil
876 1516 941 1570 boni
955 1521 999 1570 est
1013 1517 1041 1570 in

190 1595 287 1658 morte,
301 1592 339 1645 sic
351 1595 426 1645 certe
437 1591 503 1644 nihil
515 1591 587 1646 mali.
622 1592 709 1646 Sensu
720 1593 790 1646 enim
804 1593 910 1660 amisso,
923 1592 955 1645 lit
968 1587 1041 1646 idem

192 1667 269 1738 quasi
283 1671 364 1721 natus
379 1684 432 1720 non
445 1670 518 1721 essct
530 1668 653 1735 omnin03
672 1685 752 1739 quem
768 1673 859 1724 tamen
873 1685 933 1724 esse
948 1672 1041 1722 natum

191 1749 220 1799 et
238 1761 287 1798 nos
305 1744 455 1812 gaudemus
476 1748 505 1799 ct
524 1744 705 1799 haeccivitas
725 1746 789 1800 dum
810 1747 865 1801 erit
883 1745 1041 1801 lactabitur.

192 1827 231 1875 15.
251 1820 432 1887 Quamobrem
447 1838 508 1875 cum
522 1821 569 1874 illo
584 1822 703 1890 quidem,
721 1826 753 1877 ut
768 1839 851 1892 supra
865 1821 930 1888 dixi,
949 1827 1041 1876 actum

190 1897 293 1967 optime
307 1900 358 1965 est,
372 1913 478 1950 mecum
494 1897 697 1963 incommodius,
714 1916 795 1967 quem
814 1899 906 1952 iuerat
920 1898 1041 1967 aequius,

188 1977 220 2027 ut
232 1973 308 2042 prius
318 1974 483 2041 introieram‚
497 1974 535 2027 sic
549 1974 714 2042 priuscxire
726 1975 840 2030 devita.
877 1974 934 2029 Sed
947 1978 1043 2031 ames

189 2049 377 2104 recordatione
391 2053 500 2105 nostrae
515 2051 650 2105 amicitiae
663 2051 702 2104 sic
713 2051 790 2104 fruor
801 2054 834 2105 ut
848 2051 929 2106 beate
941 2051 1041 2105 uxisse

189 2125 291 2197 videar,
306 2126 370 2195 quia
387 2143 448 2179 cum
466 2127 592 2195 Scipione
608 2126 739 2191 vixerim;
757 2143 873 2194 quocum
892 2127 960 2180 milri
978 2143 1041 2180 con-

184 2200 283 2269 juncta
294 2218 359 2255 cura
371 2200 406 2255 de
421 2201 575 2269 republica
589 2201 668 2255 etde
683 2202 790 2269 privata
806 2202 867 2266 luit,
880 2219 996 2270 quocum
1011 2205 1040 2257 et

189 2276 285 2331 domus
295 2277 348 2332 fuit
355 2282 384 2332 et
390 2278 487 2332 militia
498 2280 656 2347 communis,
663 2282 692 2333 et
699 2280 727 2334 id
736 2280 763 2332 in
772 2295 826 2349 quo
838 2283 883 2332 est
898 2278 985 2331 omnis
998 2278 1041 2331 vis

188 2352 332 2420 amicitiae,
348 2352 526 2419 voluntatum,
543 2351 704 2419 studiorum,
720 2352 916 2405 sententiarum
935 2369 1041 2408 summa

188 2428 335 2483 consensio.
378 2428 478 2497 Itaque
496 2443 550 2480 non
569 2430 627 2481 tam
651 2428 705 2481 ista
724 2443 769 2481 me
789 2427 940 2496 sapientiae
958 2445 1040 2497 quam

187 2504 269 2557 modo
284 2503 404 2556 Fannius
418 2504 639 2557 commemoravit
652 2504 725 2557 fama
739 2502 866 2567 delectat,
880 2503 947 2556 falsa
964 2520 1041 2573 praa-

189 2580 291 2647 sertim,
303 2595 384 2648 quam
404 2578 477 2647 quod
497 2579 631 2633 amicitiae
650 2582 761 2634 nostrae
779 2579 938 2633 memoriam
960 2597 1040 2649 spero

188 2656 381 2725 sempiternam
393 2655 461 2709 fore.
498 2654 588 2723 ldque
599 2655 665 2708 milri
677 2672 710 2709 eo
722 2656 810 2724 magis
823 2658 866 2709 cst
878 2655 953 2708 cordi
966 2656 1040 2724 quod

188 2750 222 2786 ex
240 2731 365 2787 omnibus
388 2731 486 2787 seculis
504 2732 550 2785 vix
569 2731 623 2785 tria
644 2735 692 2786 aut
711 2736 843 2802 quattuor
866 2732 1041 2786 nominantur
1121 2755 1122 2760 ¹

186 2809 263 2877 paria
274 2808 437 2874 amicorum;
455 2825 509 2878 quo
521 2808 550 2861 in
561 2820 662 2877 genere
675 2826 786 2878 sperare
800 2809 896 2863 videor
908 2808 1040 2877 Scipionis

187 2888 216 2939 et
235 2885 319 2939 Laelii
338 2886 484 2940 amicitiam
501 2889 595 2939 notam
613 2886 771 2955 posteritati
786 2886 853 2941 fore.
892 2892 931 2940 16.
950 2885 1040 2939 Fanni.

188 2960 269 3015 Istud
282 2961 400 3030 quidem,
414 2962 495 3027 Laeli,
508 2962 547 3015 ita
559 2979 669 3017 neccsse
680 2966 730 3017 est.
767 2963 821 3017 Sed
834 2962 962 3032 quoniam
974 2959 1041 3012 ami-

186 3036 268 3091 citiae
279 3038 443 3091 mentionem
455 3037 544 3091 iecisti
558 3041 588 3091 et
600 3054 694 3092 sumus
702 3040 790 3103 otiosi,
799 3040 960 3106 pergratum
972 3032 1040 3086 milri

186 3113 290 3180 seceris,
303 3129 383 3181 spero
394 3114 462 3167 item
472 3113 624 3182 Scaevolae,
636 3114 660 3166 si
672 3113 902 3182 quemadmodum
914 3109 985 3162 soles
1003 3107 1039 3159 do

186 3187 286 3243 ceteris
302 3187 385 3242 robus
406 3204 490 3259 quum
511 3205 546 3242 ex
566 3192 596 3243 tc
616 3191 795 3257 quaeruntur,
808 3187 847 3240 sic
863 3186 899 3238 de
920 3181 1040 3237 amicitia
