<?xml version="1.0" encoding="UTF-8"?>
<!DOCTYPE html PUBLIC "-//W3C//DTD XHTML 1.0 Transitional//EN"
    "http://www.w3.org/TR/xhtml1/DTD/xhtml1-transitional.dtd">
<html xmlns="http://www.w3.org/1999/xhtml" xml:lang="en" lang="en">
 <head>
  <title>
</title>
<meta http-equiv="Content-Type" content="text/html;charset=utf-8" />
  <meta name='ocr-system' content='tesseract 3.04.00' />
  <meta name='ocr-capabilities' content='ocr_page ocr_carea ocr_par ocr_line ocrx_word'/>
</head>
<body>
  <div class='ocr_page' id='page_1' title='image "./catomajorsivede02cicegoog_0093.png"; bbox 0 0 2250 3450; ppageno 0'>
   <div class='ocr_carea' id='block_1_1' title="bbox 158 137 1015 312">
    <p class='ocr_par' dir='ltr' id='par_1_1' title="bbox 158 137 1015 312">
     <span class='ocr_line' id='line_1_1' title="bbox 265 137 1011 208; baseline -0.005 0"><span class='ocrx_word' id='word_1_1' title='bbox 265 137 268 143; x_wconf 83' lang='lat'>&#39;</span> <span class='ocrx_word' id='word_1_2' title='bbox 345 157 603 208; x_wconf 79' lang='lat' dir='ltr'><strong>nensnonnnunn</strong></span> <span class='ocrx_word' id='word_1_3' title='bbox 618 154 723 204; x_wconf 79' lang='lat' dir='ltr'><strong>mum</strong></span> <span class='ocrx_word' id='word_1_4' title='bbox 740 153 824 203; x_wconf 87' lang='lat' dir='ltr'><strong>nuo.</strong></span> <span class='ocrx_word' id='word_1_5' title='bbox 980 157 1011 205; x_wconf 84' lang='lat' dir='ltr'><strong>sr</strong></span> 
     </span>
     <span class='ocr_line' id='line_1_2' title="bbox 158 233 1015 312; baseline -0.012 -15"><span class='ocrx_word' id='word_1_6' title='bbox 158 240 230 309; x_wconf 81' lang='lat' dir='ltr'><strong>soio;</strong></span> <span class='ocrx_word' id='word_1_7' title='bbox 245 244 309 296; x_wconf 88' lang='lat' dir='ltr'><strong>tuas</strong></span> <span class='ocrx_word' id='word_1_8' title='bbox 319 243 413 294; x_wconf 86' lang='lat' dir='ltr'><strong>autem</strong></span> <span class='ocrx_word' id='word_1_9' title='bbox 424 239 590 307; x_wconf 78' lang='lat' dir='ltr'><strong>ignoramus.</strong></span> <span class='ocrx_word' id='word_1_10' title='bbox 622 236 772 303; x_wconf 78' lang='lat' dir='ltr'><strong>Tamquam</strong></span> <span class='ocrx_word' id='word_1_11' title='bbox 785 234 859 288; x_wconf 86' lang='lat' dir='ltr'><strong>enim</strong></span> <span class='ocrx_word' id='word_1_12' title='bbox 870 233 963 288; x_wconf 86' lang='lat' dir='ltr'><strong>clausa</strong></span> <span class='ocrx_word' id='word_1_13' title='bbox 975 233 1015 312; x_wconf 81' lang='lat' dir='ltr'><strong>sit¹</strong></span> 
     </span>
    </p>
   </div>
   <div class='ocr_carea' id='block_1_2' title="bbox 107 309 1032 993">
    <p class='ocr_par' dir='ltr' id='par_1_2' title="bbox 107 309 1032 993">
     <span class='ocr_line' id='line_1_3' title="bbox 159 309 1013 385; baseline -0.012 -13"><span class='ocrx_word' id='word_1_14' title='bbox 159 317 235 385; x_wconf 82' lang='lat' dir='ltr'><strong>Asia,</strong></span> <span class='ocrx_word' id='word_1_15' title='bbox 248 317 287 370; x_wconf 91' lang='lat' dir='ltr'><strong>sic</strong></span> <span class='ocrx_word' id='word_1_16' title='bbox 301 315 368 370; x_wconf 91' lang='lat' dir='ltr'><strong>nihil</strong></span> <span class='ocrx_word' id='word_1_17' title='bbox 384 315 524 385; x_wconf 71' lang='lat' dir='ltr'><strong>perfertur</strong></span> <span class='ocrx_word' id='word_1_18' title='bbox 540 311 578 367; x_wconf 89' lang='lat' dir='ltr'><strong>ad</strong></span> <span class='ocrx_word' id='word_1_19' title='bbox 593 328 644 366; x_wconf 86' lang='lat' dir='ltr'><strong>nos</strong></span> <span class='ocrx_word' id='word_1_20' title='bbox 655 314 767 380; x_wconf 84' lang='lat' dir='ltr'><strong>praeter</strong></span> <span class='ocrx_word' id='word_1_21' title='bbox 779 324 904 364; x_wconf 85' lang='lat' dir='ltr'><strong>rumores</strong></span> <span class='ocrx_word' id='word_1_22' title='bbox 916 309 952 363; x_wconf 86' lang='lat' dir='ltr'><strong>de</strong></span> <span class='ocrx_word' id='word_1_23' title='bbox 964 326 1013 379; x_wconf 93' lang='lat' dir='ltr'><strong>op-</strong></span> 
     </span>
     <span class='ocr_line' id='line_1_4' title="bbox 158 385 1013 461; baseline -0.007 -15"><span class='ocrx_word' id='word_1_24' title='bbox 158 409 254 461; x_wconf 90' lang='lat' dir='ltr'><strong>presso</strong></span> <span class='ocrx_word' id='word_1_25' title='bbox 262 391 410 457; x_wconf 79' lang='lat' dir='ltr'>Dolabella,</span> <span class='ocrx_word' id='word_1_26' title='bbox 419 389 555 444; x_wconf 85' lang='lat' dir='ltr'><strong>satisillos</strong></span> <span class='ocrx_word' id='word_1_27' title='bbox 564 388 678 457; x_wconf 87' lang='lat' dir='ltr'><strong>quidem</strong></span> <span class='ocrx_word' id='word_1_28' title='bbox 688 390 852 453; x_wconf 80' lang='lat' dir='ltr'>constantes,</span> <span class='ocrx_word' id='word_1_29' title='bbox 863 386 912 440; x_wconf 90' lang='lat' dir='ltr'><strong>sed</strong></span> <span class='ocrx_word' id='word_1_30' title='bbox 922 385 1013 442; x_wconf 86' lang='lat' dir='ltr'><strong>adhuc</strong></span> 
     </span>
     <span class='ocr_line' id='line_1_5' title="bbox 159 463 1013 532; baseline -0.008 -10"><span class='ocrx_word' id='word_1_31' title='bbox 159 470 218 522; x_wconf 89' lang='lat' dir='ltr'><strong>sine</strong></span> <span class='ocrx_word' id='word_1_32' title='bbox 234 471 352 522; x_wconf 87' lang='lat' dir='ltr'><strong>auctore.</strong></span> <span class='ocrx_word' id='word_1_33' title='bbox 387 467 414 520; x_wconf 89' lang='lat' dir='ltr'>N</span> <span class='ocrx_word' id='word_1_34' title='bbox 416 483 446 520; x_wconf 90' lang='lat' dir='ltr'><strong>os</strong></span> <span class='ocrx_word' id='word_1_35' title='bbox 462 466 616 520; x_wconf 83' lang='lat' dir='ltr'><strong>confectum</strong></span> <span class='ocrx_word' id='word_1_36' title='bbox 633 463 735 518; x_wconf 89' lang='lat' dir='ltr'><strong>bellum</strong></span> <span class='ocrx_word' id='word_1_37' title='bbox 748 479 832 532; x_wconf 90' lang='lat' dir='ltr'><strong>quum</strong></span> <span class='ocrx_word' id='word_1_38' title='bbox 845 465 1013 531; x_wconf 85' lang='lat' dir='ltr'><strong>putaremus,</strong></span> 
     </span>
     <span class='ocr_line' id='line_1_6' title="bbox 158 539 1013 613; baseline -0.005 -15"><span class='ocrx_word' id='word_1_39' title='bbox 158 547 273 613; x_wconf 89' lang='lat' dir='ltr'><strong>repente</strong></span> <span class='ocrx_word' id='word_1_40' title='bbox 289 560 306 597; x_wconf 90' lang='lat' dir='ltr'><strong>a</strong></span> <span class='ocrx_word' id='word_1_41' title='bbox 322 543 428 611; x_wconf 87' lang='lat' dir='ltr'><strong>Lepido</strong></span> <span class='ocrx_word' id='word_1_42' title='bbox 439 546 488 595; x_wconf 91' lang='lat' dir='ltr'><strong>tuo</strong></span> <span class='ocrx_word' id='word_1_43' title='bbox 500 542 528 594; x_wconf 95' lang='lat' dir='ltr'><strong>in</strong></span> <span class='ocrx_word' id='word_1_44' title='bbox 541 557 675 595; x_wconf 89' lang='lat' dir='ltr'><strong>summam</strong></span> <span class='ocrx_word' id='word_1_45' title='bbox 694 539 906 594; x_wconf 88' lang='lat' dir='ltr'><strong>sollicitudinem</strong></span> <span class='ocrx_word' id='word_1_46' title='bbox 917 555 1013 594; x_wconf 85' lang='lat' dir='ltr'><strong>sumus</strong></span> 
     </span>
     <span class='ocr_line' id='line_1_7' title="bbox 107 615 1013 688; baseline -0.004 -14"><span class='ocrx_word' id='word_1_47' title='bbox 107 615 116 626; x_wconf 88' lang='grc'><strong><em>’</em></strong></span> <span class='ocrx_word' id='word_1_48' title='bbox 159 620 279 674; x_wconf 79' lang='lat' dir='ltr'><strong>adducti.</strong></span> <span class='ocrx_word' id='word_1_49' title='bbox 317 620 417 688; x_wconf 85' lang='lat' dir='ltr'><strong>Itaque</strong></span> <span class='ocrx_word' id='word_1_50' title='bbox 433 617 486 673; x_wconf 90' lang='lat' dir='ltr'><strong>tibi</strong></span> <span class='ocrx_word' id='word_1_51' title='bbox 505 616 642 688; x_wconf 78' lang='lat' dir='ltr'><strong>persuade</strong></span> <span class='ocrx_word' id='word_1_52' title='bbox 659 616 808 671; x_wconf 77' lang='lat' dir='ltr'><strong>maximam</strong></span> <span class='ocrx_word' id='word_1_53' title='bbox 827 615 1013 686; x_wconf 84' lang='lat' dir='ltr'><strong>reipublicae</strong></span> 
     </span>
     <span class='ocr_line' id='line_1_8' title="bbox 159 693 1013 766; baseline -0.007 -16"><span class='ocrx_word' id='word_1_54' title='bbox 159 713 235 766; x_wconf 89' lang='lat' dir='ltr'><strong>spem</strong></span> <span class='ocrx_word' id='word_1_55' title='bbox 247 696 276 750; x_wconf 94' lang='lat' dir='ltr'><strong>in</strong></span> <span class='ocrx_word' id='word_1_56' title='bbox 287 699 318 750; x_wconf 86' lang='lat' dir='ltr'><strong>ts</strong></span> <span class='ocrx_word' id='word_1_57' title='bbox 329 699 359 750; x_wconf 88' lang='lat' dir='ltr'><strong>et</strong></span> <span class='ocrx_word' id='word_1_58' title='bbox 369 697 397 749; x_wconf 93' lang='lat' dir='ltr'><strong>in</strong></span> <span class='ocrx_word' id='word_1_59' title='bbox 410 696 466 750; x_wconf 88' lang='lat' dir='ltr'><strong>tuis</strong></span> <span class='ocrx_word' id='word_1_60' title='bbox 478 695 564 764; x_wconf 88' lang='lat' dir='ltr'><strong>copiis</strong></span> <span class='ocrx_word' id='word_1_61' title='bbox 580 710 648 748; x_wconf 88' lang='lat' dir='ltr'><strong>esse.</strong></span> <span class='ocrx_word' id='word_1_62' title='bbox 687 694 796 747; x_wconf 78' lang='lat' dir='ltr'><strong>Firmos</strong></span> <span class='ocrx_word' id='word_1_63' title='bbox 812 693 922 746; x_wconf 92' lang='lat' dir='ltr'><strong>omnino</strong></span> <span class='ocrx_word' id='word_1_64' title='bbox 937 709 1013 746; x_wconf 85' lang='lat' dir='ltr'><strong>exer-</strong></span> 
     </span>
     <span class='ocr_line' id='line_1_9' title="bbox 159 771 1013 839; baseline -0.005 -13"><span class='ocrx_word' id='word_1_65' title='bbox 159 773 231 827; x_wconf 90' lang='lat' dir='ltr'><strong>citus</strong></span> <span class='ocrx_word' id='word_1_66' title='bbox 242 772 387 826; x_wconf 87' lang='lat' dir='ltr'><strong>habemus:</strong></span> <span class='ocrx_word' id='word_1_67' title='bbox 407 771 457 826; x_wconf 92' lang='lat' dir='ltr'><strong>sed</strong></span> <span class='ocrx_word' id='word_1_68' title='bbox 468 776 561 825; x_wconf 83' lang='lat' dir='ltr'><strong>tamen</strong></span> <span class='ocrx_word' id='word_1_69' title='bbox 576 774 609 825; x_wconf 91' lang='lat' dir='ltr'><strong>ut</strong></span> <span class='ocrx_word' id='word_1_70' title='bbox 624 771 723 838; x_wconf 89' lang='lat' dir='ltr'><strong>omnia,</strong></span> <span class='ocrx_word' id='word_1_71' title='bbox 736 773 768 824; x_wconf 84' lang='lat' dir='ltr'><strong>ut</strong></span> <span class='ocrx_word' id='word_1_72' title='bbox 781 786 868 839; x_wconf 89' lang='lat' dir='ltr'><strong>spero,</strong></span> <span class='ocrx_word' id='word_1_73' title='bbox 880 784 1013 838; x_wconf 86' lang='lat' dir='ltr'><strong>prospere</strong></span> 
     </span>
     <span class='ocr_line' id='line_1_10' title="bbox 158 845 1012 919; baseline -0.007 -15"><span class='ocrx_word' id='word_1_74' title='bbox 158 848 318 919; x_wconf 75' lang='lat' dir='ltr'><strong>procedant,</strong></span> <span class='ocrx_word' id='word_1_75' title='bbox 339 849 455 903; x_wconf 88' lang='lat' dir='ltr'><strong>multum</strong></span> <span class='ocrx_word' id='word_1_76' title='bbox 479 848 598 902; x_wconf 85' lang='lat' dir='ltr'><strong>interest</strong></span> <span class='ocrx_word' id='word_1_77' title='bbox 621 847 770 901; x_wconf 84' lang='lat' dir='ltr'><strong>tevenire.</strong></span> <span class='ocrx_word' id='word_1_78' title='bbox 808 845 916 914; x_wconf 83' lang='lat' dir='ltr'><strong>Exigua</strong></span> <span class='ocrx_word' id='word_1_79' title='bbox 940 845 1012 899; x_wconf 83' lang='lat' dir='ltr'><strong>eninr</strong></span> 
     </span>
     <span class='ocr_line' id='line_1_11' title="bbox 159 921 1032 993; baseline -0.003 -14"><span class='ocrx_word' id='word_1_80' title='bbox 159 941 223 993; x_wconf 88' lang='lat' dir='ltr'><strong>spes</strong></span> <span class='ocrx_word' id='word_1_81' title='bbox 240 928 284 979; x_wconf 85' lang='lat' dir='ltr'><strong>est</strong></span> <span class='ocrx_word' id='word_1_82' title='bbox 301 924 342 979; x_wconf 90' lang='lat' dir='ltr'><strong>rei</strong></span> <span class='ocrx_word' id='word_1_83' title='bbox 365 923 511 993; x_wconf 88' lang='lat' dir='ltr'><strong>publicae;</strong></span> <span class='ocrx_word' id='word_1_84' title='bbox 534 940 599 977; x_wconf 89' lang='lat' dir='ltr'><strong>nam</strong></span> <span class='ocrx_word' id='word_1_85' title='bbox 616 923 720 977; x_wconf 89' lang='lat' dir='ltr'><strong>nullam</strong></span> <span class='ocrx_word' id='word_1_86' title='bbox 741 938 795 976; x_wconf 90' lang='lat' dir='ltr'><strong>non</strong></span> <span class='ocrx_word' id='word_1_87' title='bbox 813 921 883 977; x_wconf 92' lang='lat' dir='ltr'><strong>libet</strong></span> <span class='ocrx_word' id='word_1_88' title='bbox 904 921 1032 976; x_wconf 84' lang='lat' dir='ltr'><strong>dicere:-</strong></span> 
     </span>
    </p>
   </div>
   <div class='ocr_carea' id='block_1_3' title="bbox 159 998 1013 1133">
    <p class='ocr_par' dir='ltr' id='par_1_3' title="bbox 159 998 1013 1133">
     <span class='ocr_line' id='line_1_12' title="bbox 159 998 1013 1133; baseline -0.005 -78"><span class='ocrx_word' id='word_1_89' title='bbox 159 999 210 1133; x_wconf 54' lang='lat' dir='ltr'><strong>:ed</strong></span> <span class='ocrx_word' id='word_1_90' title='bbox 228 1017 416 1132; x_wconf 56' lang='lat' dir='ltr'><strong>qhfficumque</strong></span> <span class='ocrx_word' id='word_1_91' title='bbox 433 1004 490 1067; x_wconf 68' lang='lat' dir='ltr'><strong>est·</strong></span> <span class='ocrx_word' id='word_1_92' title='bbox 501 1016 535 1054; x_wconf 88' lang='lat' dir='ltr'><strong>ea</strong></span> <span class='ocrx_word' id='word_1_93' title='bbox 551 999 743 1069; x_wconf 88' lang='lat' dir='ltr'><strong>despondetur</strong></span> <span class='ocrx_word' id='word_1_94' title='bbox 763 1015 834 1053; x_wconf 90' lang='lat' dir='ltr'><strong>anno</strong></span> <span class='ocrx_word' id='word_1_95' title='bbox 855 998 1013 1053; x_wconf 74' lang='lat' dir='ltr'><strong>consodates</strong></span> 
     </span>
     <span class='ocr_line' id='line_1_13' title="bbox 173 1094 324 1132; baseline 0 0"><span class='ocrx_word' id='word_1_96' title='bbox 173 1094 209 1132; x_wconf 84' lang='lat' dir='ltr'><strong>u1.</strong></span> <span class='ocrx_word' id='word_1_97' title='bbox 301 1094 324 1132; x_wconf 91' lang='lat' dir='ltr'><strong>e.</strong></span> 
     </span>
    </p>
   </div>
   <div class='ocr_carea' id='block_1_4' title="bbox 313 1190 856 1246">
    <p class='ocr_par' dir='ltr' id='par_1_4' title="bbox 313 1190 856 1246">
     <span class='ocr_line' id='line_1_14' title="bbox 313 1190 856 1246; baseline -0.013 0"><span class='ocrx_word' id='word_1_98' title='bbox 313 1197 354 1246; x_wconf 80' lang='lat'><strong>36.</strong></span> <span class='ocrx_word' id='word_1_99' title='bbox 387 1193 514 1245; x_wconf 79' lang='lat' dir='ltr'>CICERO</span> <span class='ocrx_word' id='word_1_100' title='bbox 530 1192 655 1242; x_wconf 81' lang='lat' dir='ltr'>ACILIO</span> <span class='ocrx_word' id='word_1_101' title='bbox 672 1190 811 1240; x_wconf 88' lang='lat' dir='ltr'>PROCOS.</span> <span class='ocrx_word' id='word_1_102' title='bbox 830 1191 856 1240; x_wconf 91' lang='lat' dir='ltr'><strong>S.</strong></span> 
     </span>
    </p>
   </div>
   <div class='ocr_carea' id='block_1_5' title="bbox 160 1287 1016 2127">
    <p class='ocr_par' dir='ltr' id='par_1_5' title="bbox 160 1287 1016 2127">
     <span class='ocr_line' id='line_1_15' title="bbox 420 1287 761 1353; baseline -0.018 -14"><span class='ocrx_word' id='word_1_103' title='bbox 420 1291 491 1353; x_wconf 80' lang='lat'>(¹111.</span> <span class='ocrx_word' id='word_1_104' title='bbox 504 1293 544 1340; x_wconf 83' lang='lat'><strong>30.</strong></span> <span class='ocrx_word' id='word_1_105' title='bbox 579 1301 605 1337; x_wconf 81' lang='lat' dir='ltr'><strong>n.</strong></span> <span class='ocrx_word' id='word_1_106' title='bbox 619 1301 645 1337; x_wconf 86' lang='lat' dir='ltr'><strong>n.</strong></span> <span class='ocrx_word' id='word_1_107' title='bbox 658 1301 680 1336; x_wconf 86' lang='lat' dir='ltr'><strong>c.</strong></span> <span class='ocrx_word' id='word_1_108' title='bbox 695 1287 761 1349; x_wconf 77' lang='lat'><strong>708.)</strong></span> 
     </span>
     <span class='ocr_line' id='line_1_16' title="bbox 160 1367 1014 1428; baseline -0.009 0"><span class='ocrx_word' id='word_1_109' title='bbox 160 1373 192 1428; x_wconf 76' lang='lat' dir='ltr'><strong>Ia</strong></span> <span class='ocrx_word' id='word_1_110' title='bbox 204 1373 323 1427; x_wconf 87' lang='lat' dir='ltr'><strong>Manlius</strong></span> <span class='ocrx_word' id='word_1_111' title='bbox 339 1374 383 1426; x_wconf 89' lang='lat' dir='ltr'><strong>est</strong></span> <span class='ocrx_word' id='word_1_112' title='bbox 399 1371 481 1425; x_wconf 83' lang='lat' dir='ltr'><strong>Sosis.</strong></span> <span class='ocrx_word' id='word_1_113' title='bbox 518 1370 549 1423; x_wconf 89' lang='lat' dir='ltr'><strong>Is</strong></span> <span class='ocrx_word' id='word_1_114' title='bbox 564 1369 620 1422; x_wconf 83' lang='lat' dir='ltr'><strong>luit</strong></span> <span class='ocrx_word' id='word_1_115' title='bbox 638 1368 805 1422; x_wconf 86' lang='lat' dir='ltr'><strong>Catinensis:</strong></span> <span class='ocrx_word' id='word_1_116' title='bbox 830 1367 881 1422; x_wconf 87' lang='lat' dir='ltr'><strong>sed</strong></span> <span class='ocrx_word' id='word_1_117' title='bbox 899 1370 943 1422; x_wconf 85' lang='lat' dir='ltr'><strong>est</strong></span> <span class='ocrx_word' id='word_1_118' title='bbox 960 1383 1014 1420; x_wconf 91' lang='lat' dir='ltr'><strong>una</strong></span> 
     </span>
     <span class='ocr_line' id='line_1_17' title="bbox 160 1442 1014 1515; baseline -0.008 -13"><span class='ocrx_word' id='word_1_119' title='bbox 160 1464 223 1502; x_wconf 90' lang='lat' dir='ltr'><strong>cum</strong></span> <span class='ocrx_word' id='word_1_120' title='bbox 240 1447 353 1515; x_wconf 88' lang='lat' dir='ltr'><strong>reliquis</strong></span> <span class='ocrx_word' id='word_1_121' title='bbox 371 1445 561 1514; x_wconf 79' lang='lat' dir='ltr'><strong>Neapolitanis</strong></span> <span class='ocrx_word' id='word_1_122' title='bbox 580 1443 647 1497; x_wconf 87' lang='lat' dir='ltr'><strong>civis</strong></span> <span class='ocrx_word' id='word_1_123' title='bbox 662 1443 802 1496; x_wconf 90' lang='lat' dir='ltr'><strong>Romanus</strong></span> <span class='ocrx_word' id='word_1_124' title='bbox 817 1443 915 1510; x_wconf 86' lang='lat' dir='ltr'><strong>sactus,</strong></span> <span class='ocrx_word' id='word_1_125' title='bbox 934 1442 1014 1496; x_wconf 89' lang='lat' dir='ltr'><strong>deeu-</strong></span> 
     </span>
     <span class='ocr_line' id='line_1_18' title="bbox 160 1518 1014 1593; baseline -0.006 -16"><span class='ocrx_word' id='word_1_126' title='bbox 160 1524 258 1593; x_wconf 88' lang='lat' dir='ltr'><strong>rioque</strong></span> <span class='ocrx_word' id='word_1_127' title='bbox 275 1522 405 1591; x_wconf 88' lang='lat' dir='ltr'><strong>Neapoli:</strong></span> <span class='ocrx_word' id='word_1_128' title='bbox 428 1525 489 1575; x_wconf 86' lang='lat' dir='ltr'><strong>erat</strong></span> <span class='ocrx_word' id='word_1_129' title='bbox 501 1519 575 1574; x_wconf 87' lang='lat' dir='ltr'><strong>enim</strong></span> <span class='ocrx_word' id='word_1_130' title='bbox 585 1519 742 1589; x_wconf 76' lang='lat' dir='ltr'><strong>‘adscriptus</strong></span> <span class='ocrx_word' id='word_1_131' title='bbox 753 1518 782 1572; x_wconf 91' lang='lat' dir='ltr'><strong>in</strong></span> <span class='ocrx_word' id='word_1_132' title='bbox 793 1519 825 1572; x_wconf 97' lang='lat' dir='ltr'><strong>id</strong></span> <span class='ocrx_word' id='word_1_133' title='bbox 836 1518 1014 1587; x_wconf 90' lang='lat' dir='ltr'><strong>municipium</strong></span> 
     </span>
     <span class='ocr_line' id='line_1_19' title="bbox 161 1595 1015 1671; baseline -0.006 -18"><span class='ocrx_word' id='word_1_134' title='bbox 161 1603 226 1653; x_wconf 87' lang='lat' dir='ltr'><strong>ante</strong></span> <span class='ocrx_word' id='word_1_135' title='bbox 249 1599 389 1652; x_wconf 83' lang='lat' dir='ltr'><strong>civitatem</strong></span> <span class='ocrx_word' id='word_1_136' title='bbox 413 1597 492 1671; x_wconf 81' lang='lat' dir='ltr'><strong>sociis</strong></span> <span class='ocrx_word' id='word_1_137' title='bbox 516 1598 545 1650; x_wconf 87' lang='lat' dir='ltr'><strong>et</strong></span> <span class='ocrx_word' id='word_1_138' title='bbox 569 1595 676 1650; x_wconf 86' lang='lat' dir='ltr'><strong>Latinis</strong></span> <span class='ocrx_word' id='word_1_139' title='bbox 697 1595 797 1649; x_wconf 89' lang='lat' dir='ltr'><strong>datam.</strong></span> <span class='ocrx_word' id='word_1_140' title='bbox 835 1595 904 1664; x_wconf 79' lang='lat' dir='ltr'><strong>Ejus</strong></span> <span class='ocrx_word' id='word_1_141' title='bbox 927 1596 1015 1650; x_wconf 83' lang='lat' dir='ltr'><strong>frater</strong></span> 
     </span>
     <span class='ocr_line' id='line_1_20' title="bbox 162 1671 1015 1744; baseline -0.006 -13"><span class='ocrx_word' id='word_1_142' title='bbox 162 1675 277 1731; x_wconf 84' lang='lat' dir='ltr'><strong>Catinae</strong></span> <span class='ocrx_word' id='word_1_143' title='bbox 288 1691 376 1744; x_wconf 90' lang='lat' dir='ltr'><strong>nuper</strong></span> <span class='ocrx_word' id='word_1_144' title='bbox 388 1676 513 1729; x_wconf 87' lang='lat' dir='ltr'><strong>mortuus</strong></span> <span class='ocrx_word' id='word_1_145' title='bbox 524 1676 574 1728; x_wconf 87' lang='lat' dir='ltr'><strong>est.</strong></span> <span class='ocrx_word' id='word_1_146' title='bbox 601 1671 626 1726; x_wconf 89' lang='lat' dir='ltr'><strong>N</strong></span> <span class='ocrx_word' id='word_1_147' title='bbox 629 1673 712 1727; x_wconf 86' lang='lat' dir='ltr'><strong>ullam</strong></span> <span class='ocrx_word' id='word_1_148' title='bbox 725 1672 834 1727; x_wconf 91' lang='lat' dir='ltr'><strong>omnino</strong></span> <span class='ocrx_word' id='word_1_149' title='bbox 846 1672 1015 1727; x_wconf 81' lang='lat' dir='ltr'><strong>arbitramur</strong></span> 
     </span>
     <span class='ocr_line' id='line_1_21' title="bbox 161 1742 1015 1817; baseline -0.004 -11"><span class='ocrx_word' id='word_1_150' title='bbox 161 1752 197 1806; x_wconf 90' lang='lat' dir='ltr'><strong>de</strong></span> <span class='ocrx_word' id='word_1_151' title='bbox 212 1769 246 1807; x_wconf 87' lang='lat' dir='ltr'><strong>ea</strong></span> <span class='ocrx_word' id='word_1_152' title='bbox 261 1752 418 1807; x_wconf 88' lang='lat' dir='ltr'><strong>hereditate</strong></span> <span class='ocrx_word' id='word_1_153' title='bbox 431 1751 645 1806; x_wconf 87' lang='lat' dir='ltr'><strong>controversiam</strong></span> <span class='ocrx_word' id='word_1_154' title='bbox 658 1767 723 1804; x_wconf 91' lang='lat' dir='ltr'><strong>eum</strong></span> <span class='ocrx_word' id='word_1_155' title='bbox 734 1742 892 1804; x_wconf 85' lang='lat' dir='ltr'><strong>habiturum</strong></span> <span class='ocrx_word' id='word_1_156' title='bbox 904 1771 911 1817; x_wconf 89' lang='lat'>;</span> <span class='ocrx_word' id='word_1_157' title='bbox 929 1753 1015 1804; x_wconf 86' lang='lat' dir='ltr'><strong>otest</strong></span> 
     </span>
     <span class='ocr_line' id='line_1_22' title="bbox 160 1826 1015 1897; baseline -0.004 -15"><span class='ocrx_word' id='word_1_158' title='bbox 160 1828 243 1883; x_wconf 89' lang='lat' dir='ltr'><strong>hodie</strong></span> <span class='ocrx_word' id='word_1_159' title='bbox 258 1829 286 1882; x_wconf 91' lang='lat' dir='ltr'><strong>in</strong></span> <span class='ocrx_word' id='word_1_160' title='bbox 302 1827 390 1883; x_wconf 89' lang='lat' dir='ltr'><strong>bonis.</strong></span> <span class='ocrx_word' id='word_1_161' title='bbox 427 1828 483 1883; x_wconf 82' lang='lat' dir='ltr'><strong>Sed</strong></span> <span class='ocrx_word' id='word_1_162' title='bbox 499 1826 727 1897; x_wconf 82' lang='lat' dir='ltr'><strong>quoniam&#39;habet</strong></span> <span class='ocrx_word' id='word_1_163' title='bbox 742 1831 887 1896; x_wconf 87' lang='lat' dir='ltr'><strong>praeterea</strong></span> <span class='ocrx_word' id='word_1_164' title='bbox 904 1826 1015 1895; x_wconf 86' lang='lat' dir='ltr'><strong>negotia</strong></span> 
     </span>
     <span class='ocr_line' id='line_1_23' title="bbox 160 1904 1016 1973; baseline -0.005 -13"><span class='ocrx_word' id='word_1_165' title='bbox 160 1909 256 1960; x_wconf 77' lang='lat' dir='ltr'><strong>vetera</strong></span> <span class='ocrx_word' id='word_1_166' title='bbox 274 1906 302 1958; x_wconf 92' lang='lat' dir='ltr'><strong>in</strong></span> <span class='ocrx_word' id='word_1_167' title='bbox 324 1905 416 1961; x_wconf 83' lang='lat' dir='ltr'><strong>Sicilia</strong></span> <span class='ocrx_word' id='word_1_168' title='bbox 435 1922 491 1973; x_wconf 89' lang='lat' dir='ltr'><strong>sua,</strong></span> <span class='ocrx_word' id='word_1_169' title='bbox 512 1910 541 1960; x_wconf 90' lang='lat' dir='ltr'><strong>et</strong></span> <span class='ocrx_word' id='word_1_170' title='bbox 565 1905 635 1959; x_wconf 80' lang='lat' dir='ltr'><strong>hanc</strong></span> <span class='ocrx_word' id='word_1_171' title='bbox 658 1904 844 1959; x_wconf 87' lang='lat' dir='ltr'><strong>hereditatem</strong></span> <span class='ocrx_word' id='word_1_172' title='bbox 865 1904 1016 1957; x_wconf 85' lang='lat' dir='ltr'><strong>fraternam</strong></span> 
     </span>
     <span class='ocr_line' id='line_1_24' title="bbox 160 1980 1014 2051; baseline -0.004 -15"><span class='ocrx_word' id='word_1_173' title='bbox 160 1986 190 2036; x_wconf 87' lang='lat' dir='ltr'><strong>et</strong></span> <span class='ocrx_word' id='word_1_174' title='bbox 202 1982 292 2036; x_wconf 88' lang='lat' dir='ltr'><strong>omnia</strong></span> <span class='ocrx_word' id='word_1_175' title='bbox 303 1981 364 2051; x_wconf 87' lang='lat' dir='ltr'><strong>ejus</strong></span> <span class='ocrx_word' id='word_1_176' title='bbox 375 1981 426 2035; x_wconf 85' lang='lat' dir='ltr'><strong>tibi</strong></span> <span class='ocrx_word' id='word_1_177' title='bbox 438 1981 607 2047; x_wconf 86' lang='lat' dir='ltr'><strong>commendo,</strong></span> <span class='ocrx_word' id='word_1_178' title='bbox 620 1981 648 2034; x_wconf 93' lang='lat' dir='ltr'><strong>in</strong></span> <span class='ocrx_word' id='word_1_179' title='bbox 661 1981 811 2050; x_wconf 87' lang='lat' dir='ltr'><strong>primisque</strong></span> <span class='ocrx_word' id='word_1_180' title='bbox 822 1981 913 2051; x_wconf 89' lang='lat' dir='ltr'><strong>ipsum</strong></span> <span class='ocrx_word' id='word_1_181' title='bbox 924 1980 1014 2034; x_wconf 85' lang='lat' dir='ltr'><strong>virum</strong></span> 
     </span>
     <span class='ocr_line' id='line_1_25' title="bbox 160 2057 1015 2127; baseline 0 -16"><span class='ocrx_word' id='word_1_182' title='bbox 160 2058 295 2126; x_wconf 88' lang='lat' dir='ltr'><strong>optimum</strong></span> <span class='ocrx_word' id='word_1_183' title='bbox 311 2058 434 2127; x_wconf 85' lang='lat' dir='ltr'><strong>mihique</strong></span> <span class='ocrx_word' id='word_1_184' title='bbox 449 2058 699 2126; x_wconf 86' lang='lat' dir='ltr'><strong>familiarissimum,</strong></span> <span class='ocrx_word' id='word_1_185' title='bbox 713 2058 745 2111; x_wconf 91' lang='lat' dir='ltr'><strong>iis</strong></span> <span class='ocrx_word' id='word_1_186' title='bbox 758 2057 857 2111; x_wconf 87' lang='lat' dir='ltr'><strong>studiis</strong></span> <span class='ocrx_word' id='word_1_187' title='bbox 872 2058 1015 2112; x_wconf 86' lang='lat' dir='ltr'><strong>literarum</strong></span> 
     </span>
    </p>
   </div>
   <div class='ocr_carea' id='block_1_6' title="bbox 3 2133 1014 2202">
    <p class='ocr_par' dir='ltr' id='par_1_6' title="bbox 3 2133 1014 2202">
     <span class='ocr_line' id='line_1_26' title="bbox 3 2133 1014 2202; baseline 0.004 -19"><span class='ocrx_word' id='word_1_188' title='bbox 3 2174 9 2183; x_wconf 79' lang='grc'>.</span> <span class='ocrx_word' id='word_1_189' title='bbox 91 2161 95 2169; x_wconf 67' lang='grc'><strong>«</strong></span> <span class='ocrx_word' id='word_1_190' title='bbox 162 2134 358 2201; x_wconf 85' lang='lat' dir='ltr'><strong>doctrinaeque</strong></span> <span class='ocrx_word' id='word_1_191' title='bbox 377 2134 534 2202; x_wconf 85' lang='lat' dir='ltr'><strong>praeditum</strong></span> <span class='ocrx_word' id='word_1_192' title='bbox 552 2133 654 2202; x_wconf 88' lang='lat' dir='ltr'><strong>quibus</strong></span> <span class='ocrx_word' id='word_1_193' title='bbox 673 2150 724 2200; x_wconf 85' lang='lat' dir='ltr'><strong>ego</strong></span> <span class='ocrx_word' id='word_1_194' title='bbox 745 2134 865 2188; x_wconf 85' lang='lat' dir='ltr'><strong>maxime</strong></span> <span class='ocrx_word' id='word_1_195' title='bbox 882 2133 1014 2188; x_wconf 88' lang='lat' dir='ltr'><strong>delector.</strong></span> 
     </span>
    </p>
   </div>
   <div class='ocr_carea' id='block_1_7' title="bbox 162 2208 1081 2506">
    <p class='ocr_par' dir='ltr' id='par_1_7' title="bbox 162 2208 1081 2506">
     <span class='ocr_line' id='line_1_27' title="bbox 164 2208 1015 2276; baseline 0.002 -15"><span class='ocrx_word' id='word_1_196' title='bbox 164 2209 233 2262; x_wconf 85' lang='lat' dir='ltr'><strong>Peto</strong></span> <span class='ocrx_word' id='word_1_197' title='bbox 249 2208 334 2276; x_wconf 84' lang='lat' dir='ltr'><strong>igitur</strong></span> <span class='ocrx_word' id='word_1_198' title='bbox 349 2208 400 2262; x_wconf 88' lang='lat' dir='ltr'><strong>abs</strong></span> <span class='ocrx_word' id='word_1_199' title='bbox 415 2210 445 2261; x_wconf 88' lang='lat' dir='ltr'><strong>te</strong></span> <span class='ocrx_word' id='word_1_200' title='bbox 460 2211 493 2262; x_wconf 89' lang='lat' dir='ltr'><strong>ut</strong></span> <span class='ocrx_word' id='word_1_201' title='bbox 509 2225 580 2276; x_wconf 90' lang='lat' dir='ltr'><strong>eum,</strong></span> <span class='ocrx_word' id='word_1_202' title='bbox 593 2209 651 2263; x_wconf 88' lang='lat' dir='ltr'><strong>sive</strong></span> <span class='ocrx_word' id='word_1_203' title='bbox 667 2210 758 2264; x_wconf 90' lang='lat' dir='ltr'><strong>aderit</strong></span> <span class='ocrx_word' id='word_1_204' title='bbox 770 2211 828 2265; x_wconf 80' lang='lat' dir='ltr'><strong>sive</strong></span> <span class='ocrx_word' id='word_1_205' title='bbox 840 2226 894 2263; x_wconf 91' lang='lat' dir='ltr'><strong>non</strong></span> <span class='ocrx_word' id='word_1_206' title='bbox 906 2210 1015 2264; x_wconf 87' lang='lat' dir='ltr'><strong>venerit</strong></span> 
     </span>
     <span class='ocr_line' id='line_1_28' title="bbox 162 2283 1015 2353; baseline 0.001 -16"><span class='ocrx_word' id='word_1_207' title='bbox 162 2284 191 2337; x_wconf 96' lang='lat' dir='ltr'><strong>in</strong></span> <span class='ocrx_word' id='word_1_208' title='bbox 203 2283 329 2352; x_wconf 82' lang='lat' dir='ltr'><strong>Siciliam,</strong></span> <span class='ocrx_word' id='word_1_209' title='bbox 341 2285 369 2338; x_wconf 93' lang='lat' dir='ltr'><strong>in</strong></span> <span class='ocrx_word' id='word_1_210' title='bbox 381 2285 454 2339; x_wconf 84' lang='lat' dir='ltr'><strong>meis.</strong></span> <span class='ocrx_word' id='word_1_211' title='bbox 460 2284 566 2339; x_wconf 92' lang='lat' dir='ltr'><strong>intimis</strong></span> <span class='ocrx_word' id='word_1_212' title='bbox 583 2284 756 2353; x_wconf 84' lang='lat' dir='ltr'><strong>maximeque</strong></span> <span class='ocrx_word' id='word_1_213' title='bbox 773 2285 934 2339; x_wconf 88' lang='lat' dir='ltr'><strong>necessariis</strong></span> <span class='ocrx_word' id='word_1_214' title='bbox 946 2286 1015 2338; x_wconf 86' lang='lat' dir='ltr'><strong>scias</strong></span> 
     </span>
     <span class='ocr_line' id='line_1_29' title="bbox 163 2359 1081 2429; baseline 0 -16"><span class='ocrx_word' id='word_1_215' title='bbox 163 2376 223 2413; x_wconf 90' lang='lat' dir='ltr'><strong>osse</strong></span> <span class='ocrx_word' id='word_1_216' title='bbox 234 2381 241 2425; x_wconf 83' lang='lat'>3</span> <span class='ocrx_word' id='word_1_217' title='bbox 259 2360 353 2429; x_wconf 88' lang='lat' dir='ltr'><strong>itaque</strong></span> <span class='ocrx_word' id='word_1_218' title='bbox 364 2364 468 2415; x_wconf 88' lang='lat' dir='ltr'><strong>tractes</strong></span> <span class='ocrx_word' id='word_1_219' title='bbox 480 2365 512 2415; x_wconf 92' lang='lat' dir='ltr'><strong>ut</strong></span> <span class='ocrx_word' id='word_1_220' title='bbox 524 2361 663 2429; x_wconf 83' lang='lat' dir='ltr'><strong>intelligat</strong></span> <span class='ocrx_word' id='word_1_221' title='bbox 674 2378 764 2415; x_wconf 89' lang='lat' dir='ltr'><strong>meam</strong></span> <span class='ocrx_word' id='word_1_222' title='bbox 777 2360 829 2414; x_wconf 94' lang='lat' dir='ltr'><strong>sibi</strong></span> <span class='ocrx_word' id='word_1_223' title='bbox 842 2359 1015 2414; x_wconf 88' lang='lat' dir='ltr'><strong>commenda·</strong></span> <span class='ocrx_word' id='word_1_224' title='bbox 1076 2370 1081 2377; x_wconf 88' lang='grc'><strong>’</strong></span> 
     </span>
     <span class='ocr_line' id='line_1_30' title="bbox 163 2436 652 2506; baseline 0 -15"><span class='ocrx_word' id='word_1_225' title='bbox 163 2436 266 2491; x_wconf 89' lang='lat' dir='ltr'><strong>tionem</strong></span> <span class='ocrx_word' id='word_1_226' title='bbox 278 2453 377 2506; x_wconf 77' lang='lat' dir='ltr'><strong>magno</strong></span> <span class='ocrx_word' id='word_1_227' title='bbox 388 2438 548 2505; x_wconf 87' lang='lat' dir='ltr'><strong>adjumento</strong></span> <span class='ocrx_word' id='word_1_228' title='bbox 560 2438 652 2491; x_wconf 83' lang='lat' dir='ltr'><strong>fuisse.</strong></span> 
     </span>
    </p>
   </div>
   <div class='ocr_carea' id='block_1_8' title="bbox 220 2562 880 2640">
    <p class='ocr_par' dir='ltr' id='par_1_8' title="bbox 220 2562 880 2640">
     <span class='ocr_line' id='line_1_31' title="bbox 220 2562 880 2640; baseline -0.005 -26"><span class='ocrx_word' id='word_1_229' title='bbox 220 2634 223 2640; x_wconf 28' lang='grc'>1</span> <span class='ocrx_word' id='word_1_230' title='bbox 298 2566 337 2616; x_wconf 83' lang='grc'><strong>37.</strong></span> <span class='ocrx_word' id='word_1_231' title='bbox 372 2565 411 2613; x_wconf 89' lang='grc' dir='ltr'><strong>Μ.</strong></span> <span class='ocrx_word' id='word_1_232' title='bbox 429 2564 557 2613; x_wconf 90' lang='lat' dir='ltr'>CICERO</span> <span class='ocrx_word' id='word_1_233' title='bbox 575 2564 600 2612; x_wconf 90' lang='lat' dir='ltr'><strong>S.</strong></span> <span class='ocrx_word' id='word_1_234' title='bbox 618 2564 651 2612; x_wconf 90' lang='lat' dir='ltr'><strong>D.</strong></span> <span class='ocrx_word' id='word_1_235' title='bbox 671 2564 698 2611; x_wconf 89' lang='lat' dir='ltr'><strong>C.</strong></span> <span class='ocrx_word' id='word_1_236' title='bbox 718 2562 880 2612; x_wconf 85' lang='lat' dir='ltr'>CURIONI.</span> 
     </span>
    </p>
   </div>
   <div class='ocr_carea' id='block_1_9' title="bbox 434 2667 729 2733">
    <p class='ocr_par' dir='ltr' id='par_1_9' title="bbox 434 2667 729 2733">
     <span class='ocr_line' id='line_1_32' title="bbox 434 2667 729 2733; baseline 0 -16"><span class='ocrx_word' id='word_1_237' title='bbox 434 2669 474 2733; x_wconf 76' lang='grc' dir='ltr'><strong>(ιι.</strong></span> <span class='ocrx_word' id='word_1_238' title='bbox 487 2670 510 2720; x_wconf 82' lang='grc'><strong>4.</strong></span> <span class='ocrx_word' id='word_1_239' title='bbox 546 2683 573 2719; x_wconf 81' lang='lat' dir='ltr'><strong>n.</strong></span> <span class='ocrx_word' id='word_1_240' title='bbox 587 2682 613 2719; x_wconf 85' lang='lat' dir='ltr'><strong>n.</strong></span> <span class='ocrx_word' id='word_1_241' title='bbox 627 2681 649 2718; x_wconf 85' lang='lat' dir='ltr'><strong>o.</strong></span> <span class='ocrx_word' id='word_1_242' title='bbox 663 2667 729 2731; x_wconf 85' lang='lat'>701.)</span> 
     </span>
    </p>
   </div>
   <div class='ocr_carea' id='block_1_10' title="bbox 124 2750 1039 3282">
    <p class='ocr_par' dir='ltr' id='par_1_10' title="bbox 124 2750 1039 3282">
     <span class='ocr_line' id='line_1_33' title="bbox 163 2750 1015 2821; baseline -0.001 -15"><span class='ocrx_word' id='word_1_243' title='bbox 163 2750 350 2821; x_wconf 83' lang='lat' dir='ltr'><strong>Epistolarum</strong></span> <span class='ocrx_word' id='word_1_244' title='bbox 362 2766 465 2819; x_wconf 78' lang='lat' dir='ltr'><strong>genera</strong></span> <span class='ocrx_word' id='word_1_245' title='bbox 479 2751 567 2805; x_wconf 85' lang='lat' dir='ltr'><strong>multa</strong></span> <span class='ocrx_word' id='word_1_246' title='bbox 579 2766 639 2805; x_wconf 88' lang='lat' dir='ltr'><strong>esse</strong></span> <span class='ocrx_word' id='word_1_247' title='bbox 652 2767 707 2804; x_wconf 92' lang='lat' dir='ltr'><strong>non</strong></span> <span class='ocrx_word' id='word_1_248' title='bbox 719 2750 846 2818; x_wconf 81' lang='lat' dir='ltr'><strong>ignoras3</strong></span> <span class='ocrx_word' id='word_1_249' title='bbox 864 2750 914 2805; x_wconf 90' lang='lat' dir='ltr'><strong>sed</strong></span> <span class='ocrx_word' id='word_1_250' title='bbox 930 2767 1015 2806; x_wconf 90' lang='lat' dir='ltr'><strong>unum</strong></span> 
     </span>
     <span class='ocr_line' id='line_1_34' title="bbox 160 2825 1015 2897; baseline -0.001 -14"><span class='ocrx_word' id='word_1_251' title='bbox 160 2825 232 2883; x_wconf 84' lang='lat' dir='ltr'><strong>illud</strong></span> <span class='ocrx_word' id='word_1_252' title='bbox 247 2827 429 2883; x_wconf 85' lang='lat' dir='ltr'><strong>certissimum</strong></span> <span class='ocrx_word' id='word_1_253' title='bbox 447 2827 527 2897; x_wconf 90' lang='lat' dir='ltr'><strong>cujus</strong></span> <span class='ocrx_word' id='word_1_254' title='bbox 543 2844 627 2881; x_wconf 89' lang='lat' dir='ltr'><strong>causa</strong></span> <span class='ocrx_word' id='word_1_255' title='bbox 643 2827 755 2881; x_wconf 85' lang='lat' dir='ltr'><strong>inventa</strong></span> <span class='ocrx_word' id='word_1_256' title='bbox 772 2843 817 2881; x_wconf 87' lang='lat' dir='ltr'><strong>res</strong></span> <span class='ocrx_word' id='word_1_257' title='bbox 834 2827 894 2897; x_wconf 87' lang='lat' dir='ltr'><strong>ipsa</strong></span> <span class='ocrx_word' id='word_1_258' title='bbox 913 2831 964 2895; x_wconf 86' lang='lat' dir='ltr'><strong>est,</strong></span> <span class='ocrx_word' id='word_1_259' title='bbox 983 2831 1015 2882; x_wconf 90' lang='lat' dir='ltr'><strong>ut</strong></span> 
     </span>
     <span class='ocr_line' id='line_1_35' title="bbox 162 2904 1015 2973; baseline -0.004 -13"><span class='ocrx_word' id='word_1_260' title='bbox 162 2906 294 2960; x_wconf 87' lang='lat' dir='ltr'><strong>certiores</strong></span> <span class='ocrx_word' id='word_1_261' title='bbox 311 2906 463 2960; x_wconf 86' lang='lat' dir='ltr'><strong>laceremus</strong></span> <span class='ocrx_word' id='word_1_262' title='bbox 481 2905 617 2970; x_wconf 87' lang='lat' dir='ltr'><strong>absentes,</strong></span> <span class='ocrx_word' id='word_1_263' title='bbox 635 2904 658 2958; x_wconf 90' lang='lat' dir='ltr'><strong>si</strong></span> <span class='ocrx_word' id='word_1_264' title='bbox 674 2904 750 2973; x_wconf 83' lang='lat' dir='ltr'><strong>quid</strong></span> <span class='ocrx_word' id='word_1_265' title='bbox 775 2908 849 2959; x_wconf 85' lang='lat' dir='ltr'><strong>esset</strong></span> <span class='ocrx_word' id='word_1_266' title='bbox 870 2904 944 2972; x_wconf 91' lang='lat' dir='ltr'><strong>quod</strong></span> <span class='ocrx_word' id='word_1_267' title='bbox 968 2921 1015 2957; x_wconf 89' lang='lat' dir='ltr'><strong>eos</strong></span> 
     </span>
     <span class='ocr_line' id='line_1_36' title="bbox 163 2980 1015 3052; baseline -0.002 -16"><span class='ocrx_word' id='word_1_268' title='bbox 163 2982 233 3036; x_wconf 81' lang='lat' dir='ltr'><strong>acire</strong></span> <span class='ocrx_word' id='word_1_269' title='bbox 244 2986 293 3036; x_wconf 88' lang='lat' dir='ltr'><strong>aut</strong></span> <span class='ocrx_word' id='word_1_270' title='bbox 308 2987 402 3037; x_wconf 89' lang='lat' dir='ltr'><strong>nostra</strong></span> <span class='ocrx_word' id='word_1_271' title='bbox 415 2986 464 3037; x_wconf 87' lang='lat' dir='ltr'><strong>aut</strong></span> <span class='ocrx_word' id='word_1_272' title='bbox 475 2984 597 3052; x_wconf 88' lang='lat' dir='ltr'><strong>ipsorum</strong></span> <span class='ocrx_word' id='word_1_273' title='bbox 609 2982 764 3036; x_wconf 87' lang='lat' dir='ltr'><strong>interesset.</strong></span> <span class='ocrx_word' id='word_1_274' title='bbox 801 2980 894 3049; x_wconf 90' lang='lat' dir='ltr'><strong>Hujus</strong></span> <span class='ocrx_word' id='word_1_275' title='bbox 906 2980 1015 3048; x_wconf 81' lang='lat' dir='ltr'><strong>generis</strong></span> 
     </span>
     <span class='ocr_line' id='line_1_37' title="bbox 124 3052 1014 3129; baseline -0.004 -17"><span class='ocrx_word' id='word_1_276' title='bbox 124 3118 128 3127; x_wconf 19' lang='lat'>⁸</span> <span class='ocrx_word' id='word_1_277' title='bbox 162 3059 685 3129; x_wconf 83' lang='lat' dir='ltr'><strong>literasameprofectononexspeetas.</strong></span> <span class='ocrx_word' id='word_1_278' title='bbox 710 3052 1014 3111; x_wconf 81' lang='lat' dir='ltr'><strong>Tuarumenimrerum</strong></span> 
     </span>
     <span class='ocr_line' id='line_1_38' title="bbox 163 3132 1039 3207; baseline -0.008 -18"><span class='ocrx_word' id='word_1_279' title='bbox 163 3136 327 3194; x_wconf 87' lang='lat' dir='ltr'><strong>domesticos</strong></span> <span class='ocrx_word' id='word_1_280' title='bbox 342 3137 428 3192; x_wconf 89' lang='lat' dir='ltr'><strong>hahes</strong></span> <span class='ocrx_word' id='word_1_281' title='bbox 444 3141 474 3192; x_wconf 89' lang='lat' dir='ltr'><strong>et</strong></span> <span class='ocrx_word' id='word_1_282' title='bbox 486 3138 634 3207; x_wconf 79' lang='lat' dir='ltr'><strong>scriptores</strong></span> <span class='ocrx_word' id='word_1_283' title='bbox 647 3139 676 3190; x_wconf 88' lang='lat' dir='ltr'><strong>et</strong></span> <span class='ocrx_word' id='word_1_284' title='bbox 687 3134 804 3189; x_wconf 86' lang='lat' dir='ltr'><strong>nuntios.</strong></span> <span class='ocrx_word' id='word_1_285' title='bbox 842 3133 876 3185; x_wconf 91' lang='lat' dir='ltr'><strong>ln</strong></span> <span class='ocrx_word' id='word_1_286' title='bbox 889 3132 958 3185; x_wconf 87' lang='lat' dir='ltr'><strong>meis</strong></span> <span class='ocrx_word' id='word_1_287' title='bbox 967 3147 1015 3184; x_wconf 89' lang='lat' dir='ltr'><strong>au·</strong></span> <span class='ocrx_word' id='word_1_288' title='bbox 1032 3166 1039 3183; x_wconf 79' lang='grc'><strong><em>,</em></strong></span> 
     </span>
     <span class='ocr_line' id='line_1_39' title="bbox 158 3207 1015 3282; baseline -0.011 -14"><span class='ocrx_word' id='word_1_289' title='bbox 158 3214 220 3268; x_wconf 81' lang='lat' dir='ltr'><strong>tem</strong></span> <span class='ocrx_word' id='word_1_290' title='bbox 228 3214 312 3270; x_wconf 89' lang='lat' dir='ltr'><strong>rebus</strong></span> <span class='ocrx_word' id='word_1_291' title='bbox 322 3214 392 3269; x_wconf 90' lang='lat' dir='ltr'><strong>nihil</strong></span> <span class='ocrx_word' id='word_1_292' title='bbox 403 3217 448 3270; x_wconf 85' lang='lat' dir='ltr'><strong>est</strong></span> <span class='ocrx_word' id='word_1_293' title='bbox 456 3230 522 3270; x_wconf 85' lang='lat' dir='ltr'><strong>sane</strong></span> <span class='ocrx_word' id='word_1_294' title='bbox 534 3214 605 3269; x_wconf 83' lang='lat' dir='ltr'><strong>nori</strong></span> <span class='ocrx_word' id='word_1_295' title='bbox 631 3212 749 3282; x_wconf 88' lang='lat' dir='ltr'><strong>Reliqua</strong></span> <span class='ocrx_word' id='word_1_296' title='bbox 760 3211 825 3265; x_wconf 89' lang='lat' dir='ltr'><strong>sunt</strong></span> <span class='ocrx_word' id='word_1_297' title='bbox 836 3207 1015 3277; x_wconf 87' lang='lat' dir='ltr'><strong>epistolarum</strong></span> 
     </span>
    </p>
   </div>
   <div class='ocr_carea' id='block_1_11' title="bbox 0 0 1135 3450">
    <p class='ocr_par' dir='ltr' id='par_1_11' title="bbox 0 0 1135 3450">
     <span class='ocr_line' id='line_1_40' title="bbox 0 0 1135 3450; baseline 0 0"><span class='ocrx_word' id='word_1_298' title='bbox 0 0 1135 3450; x_wconf 95' lang='lat' dir='ltr'><strong> </strong></span> 
     </span>
    </p>
   </div>
  </div>
 </body>
</html>
