<?xml version="1.0" encoding="UTF-8"?>
<!DOCTYPE html PUBLIC "-//W3C//DTD XHTML 1.0 Transitional//EN"
    "http://www.w3.org/TR/xhtml1/DTD/xhtml1-transitional.dtd">
<html xmlns="http://www.w3.org/1999/xhtml" xml:lang="en" lang="en">
 <head>
  <title>
</title>
<meta http-equiv="Content-Type" content="text/html;charset=utf-8" />
  <meta name='ocr-system' content='tesseract 3.04.00' />
  <meta name='ocr-capabilities' content='ocr_page ocr_carea ocr_par ocr_line ocrx_word'/>
</head>
<body>
  <div class='ocr_page' id='page_1' title='image "./catomajorsivede02cicegoog_0062.png"; bbox 0 0 2250 3450; ppageno 0'>
   <div class='ocr_carea' id='block_1_1' title="bbox 86 129 710 192">
    <p class='ocr_par' dir='ltr' id='par_1_1' title="bbox 86 129 710 192">
     <span class='ocr_line' id='line_1_1' title="bbox 86 129 710 192; baseline -0.002 -13"><span class='ocrx_word' id='word_1_1' title='bbox 86 132 117 192; x_wconf 74' lang='grc'><strong>56</strong></span> <span class='ocrx_word' id='word_1_2' title='bbox 313 130 351 178; x_wconf 89' lang='grc' dir='ltr'><strong>Μ.</strong></span> <span class='ocrx_word' id='word_1_3' title='bbox 368 129 496 179; x_wconf 83' lang='lat' dir='ltr'>TULLII</span> <span class='ocrx_word' id='word_1_4' title='bbox 516 129 710 178; x_wconf 76' lang='lat' dir='ltr'>CICERONIS</span> 
     </span>
    </p>
   </div>
   <div class='ocr_carea' id='block_1_2' title="bbox 17 207 968 3231">
    <p class='ocr_par' dir='ltr' id='par_1_2' title="bbox 17 207 968 3231">
     <span class='ocr_line' id='line_1_2' title="bbox 85 207 938 277; baseline 0 -13"><span class='ocrx_word' id='word_1_5' title='bbox 85 212 117 264; x_wconf 90' lang='lat' dir='ltr'><strong>ut</strong></span> <span class='ocrx_word' id='word_1_6' title='bbox 135 208 180 264; x_wconf 75' lang='lat' dir='ltr'><strong>ait</strong></span> <span class='ocrx_word' id='word_1_7' title='bbox 191 209 266 262; x_wconf 84' lang='lat' dir='ltr'><strong>idern</strong></span> <span class='ocrx_word' id='word_1_8' title='bbox 284 209 435 275; x_wconf 80' lang='lat' dir='ltr'><strong>Terentius,</strong></span> <span class='ocrx_word' id='word_1_9' title='bbox 455 207 504 262; x_wconf 87' lang='lat' dir='ltr'><strong>sed</strong></span> <span class='ocrx_word' id='word_1_10' title='bbox 522 207 569 262; x_wconf 88' lang='lat' dir='ltr'><strong>ille</strong></span> <span class='ocrx_word' id='word_1_11' title='bbox 588 209 617 261; x_wconf 93' lang='lat' dir='ltr'><strong>in</strong></span> <span class='ocrx_word' id='word_1_12' title='bbox 636 207 790 262; x_wconf 73' lang='lat' dir='ltr'><strong>Gnathonis</strong></span> <span class='ocrx_word' id='word_1_13' title='bbox 805 225 938 277; x_wconf 86' lang='lat' dir='ltr'><strong>persona:</strong></span> 
     </span>
     <span class='ocr_line' id='line_1_3' title="bbox 86 283 939 352; baseline 0.002 -14"><span class='ocrx_word' id='word_1_14' title='bbox 86 284 160 352; x_wconf 91' lang='lat' dir='ltr'><strong>quod</strong></span> <span class='ocrx_word' id='word_1_15' title='bbox 177 284 256 338; x_wconf 90' lang='lat' dir='ltr'><strong>amici</strong></span> <span class='ocrx_word' id='word_1_16' title='bbox 275 301 361 352; x_wconf 84' lang='lat' dir='ltr'><strong>genus</strong></span> <span class='ocrx_word' id='word_1_17' title='bbox 382 284 513 336; x_wconf 86' lang='lat' dir='ltr'><strong>adhibere</strong></span> <span class='ocrx_word' id='word_1_18' title='bbox 537 284 645 336; x_wconf 86' lang='lat' dir='ltr'><strong>omnino</strong></span> <span class='ocrx_word' id='word_1_19' title='bbox 668 283 789 337; x_wconf 85' lang='lat' dir='ltr'><strong>levitatis</strong></span> <span class='ocrx_word' id='word_1_20' title='bbox 812 289 863 338; x_wconf 92' lang='lat' dir='ltr'><strong>est.</strong></span> <span class='ocrx_word' id='word_1_21' title='bbox 897 292 939 340; x_wconf 87' lang='grc'><strong>94.</strong></span> 
     </span>
     <span class='ocr_line' id='line_1_4' title="bbox 85 359 938 428; baseline 0.001 -15"><span class='ocrx_word' id='word_1_22' title='bbox 85 360 169 414; x_wconf 91' lang='lat' dir='ltr'><strong>Multi</strong></span> <span class='ocrx_word' id='word_1_23' title='bbox 190 363 281 413; x_wconf 89' lang='lat' dir='ltr'><strong>autern</strong></span> <span class='ocrx_word' id='word_1_24' title='bbox 300 360 474 414; x_wconf 74' lang='lat' dir='ltr'><strong>Gnathonum</strong></span> <span class='ocrx_word' id='word_1_25' title='bbox 495 359 598 413; x_wconf 81' lang='lat' dir='ltr'>similes</span> <span class='ocrx_word' id='word_1_26' title='bbox 621 376 706 428; x_wconf 91' lang='lat' dir='ltr'><strong>quum</strong></span> <span class='ocrx_word' id='word_1_27' title='bbox 726 359 782 413; x_wconf 91' lang='lat' dir='ltr'><strong>sint</strong></span> <span class='ocrx_word' id='word_1_28' title='bbox 800 360 866 427; x_wconf 91' lang='lat' dir='ltr'><strong>loco,</strong></span> <span class='ocrx_word' id='word_1_29' title='bbox 885 361 938 414; x_wconf 88' lang='lat' dir='ltr'><strong>for-</strong></span> 
     </span>
     <span class='ocr_line' id='line_1_5' title="bbox 85 435 937 504; baseline 0.001 -15"><span class='ocrx_word' id='word_1_30' title='bbox 85 439 159 502; x_wconf 83' lang='lat' dir='ltr'><strong>tuna,</strong></span> <span class='ocrx_word' id='word_1_31' title='bbox 183 435 257 488; x_wconf 86' lang='lat' dir='ltr'><strong>fama</strong></span> <span class='ocrx_word' id='word_1_32' title='bbox 275 435 434 502; x_wconf 83' lang='lat' dir='ltr'>superiores,</span> <span class='ocrx_word' id='word_1_33' title='bbox 456 435 553 488; x_wconf 89' lang='lat' dir='ltr'><strong>horum</strong></span> <span class='ocrx_word' id='word_1_34' title='bbox 575 438 618 489; x_wconf 90' lang='lat' dir='ltr'><strong>est</strong></span> <span class='ocrx_word' id='word_1_35' title='bbox 642 436 791 490; x_wconf 74' lang='lat' dir='ltr'><strong>assentatio</strong></span> <span class='ocrx_word' id='word_1_36' title='bbox 814 437 937 504; x_wconf 86' lang='lat' dir='ltr'><strong>molesta,</strong></span> 
     </span>
     <span class='ocr_line' id='line_1_6' title="bbox 86 510 938 580; baseline 0.004 -17"><span class='ocrx_word' id='word_1_37' title='bbox 86 527 170 580; x_wconf 91' lang='lat' dir='ltr'><strong>quum</strong></span> <span class='ocrx_word' id='word_1_38' title='bbox 193 510 230 564; x_wconf 92' lang='lat' dir='ltr'><strong>ad</strong></span> <span class='ocrx_word' id='word_1_39' title='bbox 252 511 402 564; x_wconf 86' lang='lat' dir='ltr'><strong>vanitatem</strong></span> <span class='ocrx_word' id='word_1_40' title='bbox 425 510 540 564; x_wconf 85' lang='lat' dir='ltr'><strong>accessit</strong></span> <span class='ocrx_word' id='word_1_41' title='bbox 562 511 719 564; x_wconf 87' lang='lat' dir='ltr'><strong>auctoritas.</strong></span> <span class='ocrx_word' id='word_1_42' title='bbox 760 517 802 566; x_wconf 84' lang='lat'><strong>95.</strong></span> <span class='ocrx_word' id='word_1_43' title='bbox 826 511 938 566; x_wconf 79' lang='lat' dir='ltr'><strong>Seeerni</strong></span> 
     </span>
     <span class='ocr_line' id='line_1_7' title="bbox 85 585 939 657; baseline 0.006 -19"><span class='ocrx_word' id='word_1_44' title='bbox 85 590 177 640; x_wconf 88' lang='lat' dir='ltr'><strong>autem</strong></span> <span class='ocrx_word' id='word_1_45' title='bbox 195 585 311 640; x_wconf 89' lang='lat' dir='ltr'><strong>blandus</strong></span> <span class='ocrx_word' id='word_1_46' title='bbox 331 586 433 639; x_wconf 84' lang='lat' dir='ltr'><strong>amicus</strong></span> <span class='ocrx_word' id='word_1_47' title='bbox 449 602 466 640; x_wconf 89' lang='lat' dir='ltr'><strong>a</strong></span> <span class='ocrx_word' id='word_1_48' title='bbox 480 601 545 640; x_wconf 85' lang='lat' dir='ltr'><strong>vero</strong></span> <span class='ocrx_word' id='word_1_49' title='bbox 562 589 593 640; x_wconf 88' lang='lat' dir='ltr'><strong>et</strong></span> <span class='ocrx_word' id='word_1_50' title='bbox 611 586 759 641; x_wconf 87' lang='lat' dir='ltr'><strong>internosci</strong></span> <span class='ocrx_word' id='word_1_51' title='bbox 774 591 831 641; x_wconf 92' lang='lat' dir='ltr'><strong>tam</strong></span> <span class='ocrx_word' id='word_1_52' title='bbox 845 591 939 657; x_wconf 88' lang='lat' dir='ltr'><strong>potest</strong></span> 
     </span>
     <span class='ocr_line' id='line_1_8' title="bbox 85 661 938 731; baseline 0.006 -18"><span class='ocrx_word' id='word_1_53' title='bbox 85 661 210 715; x_wconf 88' lang='lat' dir='ltr'><strong>adhibita</strong></span> <span class='ocrx_word' id='word_1_54' title='bbox 226 662 370 730; x_wconf 84' lang='lat' dir='ltr'><strong>diligentia</strong></span> <span class='ocrx_word' id='word_1_55' title='bbox 390 678 473 731; x_wconf 90' lang='lat' dir='ltr'><strong>quarn</strong></span> <span class='ocrx_word' id='word_1_56' title='bbox 496 661 587 715; x_wconf 91' lang='lat' dir='ltr'><strong>omnia</strong></span> <span class='ocrx_word' id='word_1_57' title='bbox 606 662 698 717; x_wconf 83' lang='lat' dir='ltr'><strong>fucata</strong></span> <span class='ocrx_word' id='word_1_58' title='bbox 720 665 749 717; x_wconf 92' lang='lat' dir='ltr'><strong>et</strong></span> <span class='ocrx_word' id='word_1_59' title='bbox 770 663 898 717; x_wconf 90' lang='lat' dir='ltr'><strong>simulata</strong></span> <span class='ocrx_word' id='word_1_60' title='bbox 920 681 938 718; x_wconf 85' lang='lat' dir='ltr'><strong>a</strong></span> 
     </span>
     <span class='ocr_line' id='line_1_9' title="bbox 86 737 936 807; baseline 0.004 -17"><span class='ocrx_word' id='word_1_61' title='bbox 86 737 197 791; x_wconf 85' lang='lat' dir='ltr'><strong>sinceris</strong></span> <span class='ocrx_word' id='word_1_62' title='bbox 224 742 309 806; x_wconf 86' lang='lat' dir='ltr'><strong>atque</strong></span> <span class='ocrx_word' id='word_1_63' title='bbox 331 737 411 792; x_wconf 83' lang='lat' dir='ltr'><strong>veris.</strong></span> <span class='ocrx_word' id='word_1_64' title='bbox 450 737 547 792; x_wconf 81' lang='lat' dir='ltr'><strong>(lontio</strong></span> <span class='ocrx_word' id='word_1_65' title='bbox 568 754 639 807; x_wconf 89' lang='lat' dir='ltr'><strong>quae</strong></span> <span class='ocrx_word' id='word_1_66' title='bbox 667 755 703 791; x_wconf 88' lang='lat' dir='ltr'><strong>ex</strong></span> <span class='ocrx_word' id='word_1_67' title='bbox 726 738 936 807; x_wconf 79' lang='lat' dir='ltr'><strong>imperitissimis</strong></span> 
     </span>
     <span class='ocr_line' id='line_1_10' title="bbox 85 814 938 884; baseline 0.002 -18"><span class='ocrx_word' id='word_1_68' title='bbox 85 816 201 882; x_wconf 87' lang='lat' dir='ltr'><strong>constat,</strong></span> <span class='ocrx_word' id='word_1_69' title='bbox 215 817 308 868; x_wconf 89' lang='lat' dir='ltr'><strong>tamen</strong></span> <span class='ocrx_word' id='word_1_70' title='bbox 323 814 449 883; x_wconf 90' lang='lat' dir='ltr'><strong>judicare</strong></span> <span class='ocrx_word' id='word_1_71' title='bbox 465 814 535 868; x_wconf 90' lang='lat' dir='ltr'><strong>solet</strong></span> <span class='ocrx_word' id='word_1_72' title='bbox 554 814 622 882; x_wconf 91' lang='lat' dir='ltr'><strong>quid</strong></span> <span class='ocrx_word' id='word_1_73' title='bbox 640 814 751 868; x_wconf 91' lang='lat' dir='ltr'><strong>intersit</strong></span> <span class='ocrx_word' id='word_1_74' title='bbox 766 815 839 868; x_wconf 88' lang='lat' dir='ltr'><strong>inter</strong></span> <span class='ocrx_word' id='word_1_75' title='bbox 854 831 938 884; x_wconf 91' lang='lat' dir='ltr'><strong>popu.</strong></span> 
     </span>
     <span class='ocr_line' id='line_1_11' title="bbox 85 888 938 958; baseline 0.004 -16"><span class='ocrx_word' id='word_1_76' title='bbox 85 888 177 957; x_wconf 90' lang='lat' dir='ltr'><strong>larem,</strong></span> <span class='ocrx_word' id='word_1_77' title='bbox 193 889 224 943; x_wconf 92' lang='lat' dir='ltr'><strong>id</strong></span> <span class='ocrx_word' id='word_1_78' title='bbox 244 893 294 958; x_wconf 89' lang='lat' dir='ltr'><strong>est,</strong></span> <span class='ocrx_word' id='word_1_79' title='bbox 314 891 512 943; x_wconf 75' lang='lat' dir='ltr'><strong>assentatorem</strong></span> <span class='ocrx_word' id='word_1_80' title='bbox 533 893 562 943; x_wconf 89' lang='lat' dir='ltr'><strong>et</strong></span> <span class='ocrx_word' id='word_1_81' title='bbox 585 889 674 943; x_wconf 85' lang='lat' dir='ltr'><strong>levem</strong></span> <span class='ocrx_word' id='word_1_82' title='bbox 698 891 791 958; x_wconf 89' lang='lat' dir='ltr'><strong>civem,</strong></span> <span class='ocrx_word' id='word_1_83' title='bbox 812 895 843 944; x_wconf 92' lang='lat' dir='ltr'><strong>et</strong></span> <span class='ocrx_word' id='word_1_84' title='bbox 864 890 938 945; x_wconf 88' lang='lat' dir='ltr'><strong>inter</strong></span> 
     </span>
     <span class='ocr_line' id='line_1_12' title="bbox 86 965 938 1033; baseline 0.004 -17"><span class='ocrx_word' id='word_1_85' title='bbox 86 968 264 1032; x_wconf 87' lang='lat' dir='ltr'><strong>constantem,</strong></span> <span class='ocrx_word' id='word_1_86' title='bbox 277 982 409 1033; x_wconf 87' lang='lat' dir='ltr'><strong>severum,</strong></span> <span class='ocrx_word' id='word_1_87' title='bbox 422 968 451 1019; x_wconf 93' lang='lat' dir='ltr'><strong>et</strong></span> <span class='ocrx_word' id='word_1_88' title='bbox 462 982 581 1033; x_wconf 78' lang='lat' dir='ltr'><strong>gravem.</strong></span> <span class='ocrx_word' id='word_1_89' title='bbox 617 971 658 1020; x_wconf 85' lang='lat'><strong>96.</strong></span> <span class='ocrx_word' id='word_1_90' title='bbox 677 965 782 1030; x_wconf 81' lang='lat' dir='ltr'><strong>Quibus</strong></span> <span class='ocrx_word' id='word_1_91' title='bbox 797 966 938 1020; x_wconf 89' lang='lat' dir='ltr'><strong>blanditiis</strong></span> 
     </span>
     <span class='ocr_line' id='line_1_13' title="bbox 87 1040 936 1110; baseline 0.004 -17"><span class='ocrx_word' id='word_1_92' title='bbox 87 1041 116 1094; x_wconf 84' lang='grc' dir='ltr'><strong>Ο.</strong></span> <span class='ocrx_word' id='word_1_93' title='bbox 137 1040 263 1109; x_wconf 86' lang='lat' dir='ltr'><strong>Papirius</strong></span> <span class='ocrx_word' id='word_1_94' title='bbox 283 1058 369 1110; x_wconf 87' lang='lat' dir='ltr'><strong>nuper</strong></span> <span class='ocrx_word' id='word_1_95' title='bbox 387 1041 519 1095; x_wconf 88' lang='lat' dir='ltr'><strong>influebat</strong></span> <span class='ocrx_word' id='word_1_96' title='bbox 547 1042 575 1094; x_wconf 92' lang='lat' dir='ltr'><strong>in</strong></span> <span class='ocrx_word' id='word_1_97' title='bbox 593 1057 673 1095; x_wconf 85' lang='lat' dir='ltr'><strong>aures</strong></span> <span class='ocrx_word' id='word_1_98' title='bbox 691 1043 831 1110; x_wconf 90' lang='lat' dir='ltr'><strong>contionis,</strong></span> <span class='ocrx_word' id='word_1_99' title='bbox 853 1059 936 1110; x_wconf 91' lang='lat' dir='ltr'><strong>quum</strong></span> 
     </span>
     <span class='ocr_line' id='line_1_14' title="bbox 85 1114 937 1186; baseline 0.006 -19"><span class='ocrx_word' id='word_1_100' title='bbox 85 1114 171 1171; x_wconf 86' lang='lat' dir='ltr'><strong>ferret</strong></span> <span class='ocrx_word' id='word_1_101' title='bbox 194 1117 283 1184; x_wconf 82' lang='lat' dir='ltr'><strong>legem</strong></span> <span class='ocrx_word' id='word_1_102' title='bbox 309 1116 345 1170; x_wconf 90' lang='lat' dir='ltr'><strong>de</strong></span> <span class='ocrx_word' id='word_1_103' title='bbox 366 1115 484 1171; x_wconf 90' lang='lat' dir='ltr'><strong>tribunis</strong></span> <span class='ocrx_word' id='word_1_104' title='bbox 508 1116 598 1186; x_wconf 89' lang='lat' dir='ltr'><strong>plebis</strong></span> <span class='ocrx_word' id='word_1_105' title='bbox 627 1117 790 1171; x_wconf 89' lang='lat' dir='ltr'><strong>reficiendis.</strong></span> <span class='ocrx_word' id='word_1_106' title='bbox 826 1118 937 1172; x_wconf 89' lang='lat' dir='ltr'><strong>Dissua-</strong></span> 
     </span>
     <span class='ocr_line' id='line_1_15' title="bbox 86 1191 936 1262; baseline 0.005 -19"><span class='ocrx_word' id='word_1_107' title='bbox 86 1191 170 1245; x_wconf 88' lang='lat' dir='ltr'><strong>simus</strong></span> <span class='ocrx_word' id='word_1_108' title='bbox 191 1209 248 1246; x_wconf 86' lang='lat' dir='ltr'><strong>nos.</strong></span> <span class='ocrx_word' id='word_1_109' title='bbox 296 1193 352 1247; x_wconf 81' lang='lat' dir='ltr'><strong>Sed</strong></span> <span class='ocrx_word' id='word_1_110' title='bbox 375 1193 443 1246; x_wconf 90' lang='lat' dir='ltr'><strong>nihil</strong></span> <span class='ocrx_word' id='word_1_111' title='bbox 471 1192 507 1245; x_wconf 92' lang='lat' dir='ltr'><strong>de</strong></span> <span class='ocrx_word' id='word_1_112' title='bbox 534 1209 595 1247; x_wconf 91' lang='lat' dir='ltr'><strong>me:</strong></span> <span class='ocrx_word' id='word_1_113' title='bbox 624 1193 660 1246; x_wconf 93' lang='lat' dir='ltr'><strong>de</strong></span> <span class='ocrx_word' id='word_1_114' title='bbox 691 1193 816 1262; x_wconf 80' lang='lat' dir='ltr'><strong>Scipione</strong></span> <span class='ocrx_word' id='word_1_115' title='bbox 847 1194 936 1247; x_wconf 90' lang='lat' dir='ltr'><strong>dicam</strong></span> 
     </span>
     <span class='ocr_line' id='line_1_16' title="bbox 85 1266 935 1337; baseline 0.004 -18"><span class='ocrx_word' id='word_1_116' title='bbox 85 1266 222 1322; x_wconf 89' lang='lat' dir='ltr'><strong>libentius.</strong></span> <span class='ocrx_word' id='word_1_117' title='bbox 267 1268 376 1332; x_wconf 83' lang='lat' dir='ltr'><strong>Quanta</strong></span> <span class='ocrx_word' id='word_1_118' title='bbox 399 1268 446 1336; x_wconf 91' lang='lat' dir='ltr'><strong>illi,</strong></span> <span class='ocrx_word' id='word_1_119' title='bbox 467 1267 506 1321; x_wconf 92' lang='lat' dir='ltr'><strong>dii</strong></span> <span class='ocrx_word' id='word_1_120' title='bbox 529 1268 705 1334; x_wconf 87' lang='lat' dir='ltr'><strong>immortales,</strong></span> <span class='ocrx_word' id='word_1_121' title='bbox 729 1269 783 1322; x_wconf 82' lang='lat' dir='ltr'><strong>luit</strong></span> <span class='ocrx_word' id='word_1_122' title='bbox 805 1269 935 1337; x_wconf 83' lang='lat' dir='ltr'><strong>gravitas,</strong></span> 
     </span>
     <span class='ocr_line' id='line_1_17' title="bbox 86 1344 936 1413; baseline 0.002 -17"><span class='ocrx_word' id='word_1_123' title='bbox 86 1346 190 1412; x_wconf 84' lang='lat' dir='ltr'><strong>quanta</strong></span> <span class='ocrx_word' id='word_1_124' title='bbox 210 1344 238 1397; x_wconf 91' lang='lat' dir='ltr'><strong>in</strong></span> <span class='ocrx_word' id='word_1_125' title='bbox 262 1344 384 1398; x_wconf 90' lang='lat' dir='ltr'><strong>oratione</strong></span> <span class='ocrx_word' id='word_1_126' title='bbox 405 1344 543 1413; x_wconf 85' lang='lat' dir='ltr'><strong>majestas,</strong></span> <span class='ocrx_word' id='word_1_127' title='bbox 566 1347 599 1398; x_wconf 87' lang='lat' dir='ltr'><strong>ut</strong></span> <span class='ocrx_word' id='word_1_128' title='bbox 622 1344 702 1398; x_wconf 86' lang='lat' dir='ltr'><strong>facile</strong></span> <span class='ocrx_word' id='word_1_129' title='bbox 723 1344 821 1398; x_wconf 87' lang='lat' dir='ltr'><strong>ducem</strong></span> <span class='ocrx_word' id='word_1_130' title='bbox 843 1345 936 1413; x_wconf 93' lang='lat' dir='ltr'><strong>populi</strong></span> 
     </span>
     <span class='ocr_line' id='line_1_18' title="bbox 17 1418 937 1490; baseline 0.004 -19"><span class='ocrx_word' id='word_1_131' title='bbox 17 1431 20 1438; x_wconf 84' lang='lat'>·</span> <span class='ocrx_word' id='word_1_132' title='bbox 87 1418 202 1472; x_wconf 91' lang='lat' dir='ltr'><strong>Romani</strong></span> <span class='ocrx_word' id='word_1_133' title='bbox 213 1437 267 1474; x_wconf 91' lang='lat' dir='ltr'><strong>non</strong></span> <span class='ocrx_word' id='word_1_134' title='bbox 279 1420 406 1474; x_wconf 86' lang='lat' dir='ltr'><strong>comitem</strong></span> <span class='ocrx_word' id='word_1_135' title='bbox 426 1420 538 1474; x_wconf 82' lang='lat' dir='ltr'><strong>diceres.</strong></span> <span class='ocrx_word' id='word_1_136' title='bbox 575 1421 631 1474; x_wconf 82' lang='lat' dir='ltr'><strong>Sed</strong></span> <span class='ocrx_word' id='word_1_137' title='bbox 646 1420 780 1490; x_wconf 73' lang='lat' dir='ltr'><strong>admistis,</strong></span> <span class='ocrx_word' id='word_1_138' title='bbox 798 1424 889 1475; x_wconf 88' lang='lat' dir='ltr'><strong>otest</strong></span> <span class='ocrx_word' id='word_1_139' title='bbox 909 1421 937 1474; x_wconf 93' lang='lat' dir='ltr'><strong>in</strong></span> 
     </span>
     <span class='ocr_line' id='line_1_19' title="bbox 86 1495 937 1566; baseline 0.001 -18"><span class='ocrx_word' id='word_1_140' title='bbox 86 1495 210 1549; x_wconf 84' lang='lat' dir='ltr'><strong>manibus</strong></span> <span class='ocrx_word' id='word_1_141' title='bbox 226 1497 320 1551; x_wconf 89' lang='lat' dir='ltr'><strong>oratio.</strong></span> <span class='ocrx_word' id='word_1_142' title='bbox 358 1497 458 1565; x_wconf 89' lang='lat' dir='ltr'><strong>Itaque</strong></span> <span class='ocrx_word' id='word_1_143' title='bbox 474 1497 519 1550; x_wconf 86' lang='lat' dir='ltr'><strong>lex</strong></span> <span class='ocrx_word' id='word_1_144' title='bbox 538 1496 676 1566; x_wconf 88' lang='lat' dir='ltr'><strong>popularis</strong></span> <span class='ocrx_word' id='word_1_145' title='bbox 691 1497 826 1565; x_wconf 80' lang='lat' dir='ltr'><strong>suffragiis</strong></span> <span class='ocrx_word' id='word_1_146' title='bbox 844 1496 937 1566; x_wconf 92' lang='lat' dir='ltr'><strong>populi</strong></span> 
     </span>
     <span class='ocr_line' id='line_1_20' title="bbox 85 1571 937 1640; baseline 0.004 -17"><span class='ocrx_word' id='word_1_147' title='bbox 85 1571 230 1640; x_wconf 88' lang='lat' dir='ltr'><strong>repudiata</strong></span> <span class='ocrx_word' id='word_1_148' title='bbox 242 1575 292 1626; x_wconf 89' lang='lat' dir='ltr'><strong>est.</strong></span> <span class='ocrx_word' id='word_1_149' title='bbox 328 1574 423 1639; x_wconf 83' lang='lat' dir='ltr'><strong>Atque</strong></span> <span class='ocrx_word' id='word_1_150' title='bbox 435 1575 467 1635; x_wconf 90' lang='lat' dir='ltr'><strong>ut</strong></span> <span class='ocrx_word' id='word_1_151' title='bbox 482 1572 518 1625; x_wconf 91' lang='lat' dir='ltr'><strong>ad</strong></span> <span class='ocrx_word' id='word_1_152' title='bbox 530 1589 575 1626; x_wconf 91' lang='lat' dir='ltr'><strong>me</strong></span> <span class='ocrx_word' id='word_1_153' title='bbox 590 1572 710 1640; x_wconf 86' lang='lat' dir='ltr'><strong>redeam,</strong></span> <span class='ocrx_word' id='word_1_154' title='bbox 726 1573 889 1627; x_wconf 90' lang='lat' dir='ltr'><strong>meministis</strong></span> <span class='ocrx_word' id='word_1_155' title='bbox 906 1573 937 1638; x_wconf 82' lang='lat' dir='ltr'><strong>Q.</strong></span> 
     </span>
     <span class='ocr_line' id='line_1_21' title="bbox 87 1645 936 1717; baseline 0.004 -19"><span class='ocrx_word' id='word_1_156' title='bbox 87 1645 207 1700; x_wconf 86' lang='lat' dir='ltr'><strong>Maximo</strong></span> <span class='ocrx_word' id='word_1_157' title='bbox 220 1647 306 1701; x_wconf 86' lang='lat' dir='ltr'><strong>fratre</strong></span> <span class='ocrx_word' id='word_1_158' title='bbox 318 1647 450 1715; x_wconf 81' lang='lat' dir='ltr'><strong>Scipionis</strong></span> <span class='ocrx_word' id='word_1_159' title='bbox 463 1651 492 1701; x_wconf 88' lang='lat' dir='ltr'><strong>et</strong></span> <span class='ocrx_word' id='word_1_160' title='bbox 505 1649 536 1701; x_wconf 86' lang='lat' dir='ltr'><strong>L.</strong></span> <span class='ocrx_word' id='word_1_161' title='bbox 548 1649 675 1701; x_wconf 88' lang='lat' dir='ltr'><strong>Mancino</strong></span> <span class='ocrx_word' id='word_1_162' title='bbox 687 1649 843 1702; x_wconf 88' lang='lat' dir='ltr'><strong>consulibus</strong></span> <span class='ocrx_word' id='word_1_163' title='bbox 855 1665 936 1717; x_wconf 89' lang='lat' dir='ltr'><strong>quam</strong></span> 
     </span>
     <span class='ocr_line' id='line_1_22' title="bbox 86 1721 936 1790; baseline 0.002 -15"><span class='ocrx_word' id='word_1_164' title='bbox 86 1721 222 1790; x_wconf 87' lang='lat' dir='ltr'><strong>popularis</strong></span> <span class='ocrx_word' id='word_1_165' title='bbox 238 1722 284 1776; x_wconf 90' lang='lat' dir='ltr'><strong>lex</strong></span> <span class='ocrx_word' id='word_1_166' title='bbox 297 1724 332 1777; x_wconf 89' lang='lat' dir='ltr'><strong>de</strong></span> <span class='ocrx_word' id='word_1_167' title='bbox 344 1722 504 1777; x_wconf 84' lang='lat' dir='ltr'><strong>sacerdotiis</strong></span> <span class='ocrx_word' id='word_1_168' title='bbox 521 1724 552 1778; x_wconf 84' lang='lat'><strong>0.</strong></span> <span class='ocrx_word' id='word_1_169' title='bbox 566 1724 663 1778; x_wconf 86' lang='lat' dir='ltr'><strong>Licinii</strong></span> <span class='ocrx_word' id='word_1_170' title='bbox 676 1724 768 1779; x_wconf 80' lang='lat' dir='ltr'><strong>Crassi</strong></span> <span class='ocrx_word' id='word_1_171' title='bbox 783 1724 936 1779; x_wconf 83' lang='lat' dir='ltr'><strong>ridebatur.</strong></span> 
     </span>
     <span class='ocr_line' id='line_1_23' title="bbox 87 1797 937 1869; baseline 0.004 -18"><span class='ocrx_word' id='word_1_172' title='bbox 87 1797 230 1867; x_wconf 82' lang='lat' dir='ltr'><strong>Oooptatio</strong></span> <span class='ocrx_word' id='word_1_173' title='bbox 244 1799 317 1853; x_wconf 88' lang='lat' dir='ltr'><strong>enim</strong></span> <span class='ocrx_word' id='word_1_174' title='bbox 327 1799 503 1867; x_wconf 82' lang='lat' dir='ltr'><strong>collegiorum</strong></span> <span class='ocrx_word' id='word_1_175' title='bbox 516 1800 552 1853; x_wconf 89' lang='lat' dir='ltr'><strong>ad</strong></span> <span class='ocrx_word' id='word_1_176' title='bbox 563 1801 657 1869; x_wconf 93' lang='lat' dir='ltr'><strong>populi</strong></span> <span class='ocrx_word' id='word_1_177' title='bbox 674 1800 836 1854; x_wconf 88' lang='lat' dir='ltr'><strong>beneficium</strong></span> <span class='ocrx_word' id='word_1_178' title='bbox 848 1804 937 1854; x_wconf 76' lang='lat' dir='ltr'><strong>trans-</strong></span> 
     </span>
     <span class='ocr_line' id='line_1_24' title="bbox 86 1873 938 1942; baseline 0.004 -16"><span class='ocrx_word' id='word_1_179' title='bbox 86 1873 232 1942; x_wconf 88' lang='lat' dir='ltr'><strong>ferebatur,</strong></span> <span class='ocrx_word' id='word_1_180' title='bbox 256 1878 340 1941; x_wconf 89' lang='lat' dir='ltr'><strong>atque</strong></span> <span class='ocrx_word' id='word_1_181' title='bbox 362 1874 386 1927; x_wconf 92' lang='lat' dir='ltr'><strong>is</strong></span> <span class='ocrx_word' id='word_1_182' title='bbox 409 1874 513 1942; x_wconf 88' lang='lat' dir='ltr'><strong>primus</strong></span> <span class='ocrx_word' id='word_1_183' title='bbox 536 1876 657 1930; x_wconf 89' lang='lat' dir='ltr'><strong>instituit</strong></span> <span class='ocrx_word' id='word_1_184' title='bbox 680 1876 708 1929; x_wconf 92' lang='lat' dir='ltr'><strong>in</strong></span> <span class='ocrx_word' id='word_1_185' title='bbox 731 1877 820 1930; x_wconf 86' lang='lat' dir='ltr'><strong>forum</strong></span> <span class='ocrx_word' id='word_1_186' title='bbox 843 1893 938 1929; x_wconf 88' lang='lat' dir='ltr'><strong>versus</strong></span> 
     </span>
     <span class='ocr_line' id='line_1_25' title="bbox 86 1949 937 2018; baseline 0.002 -17"><span class='ocrx_word' id='word_1_187' title='bbox 86 1964 169 2015; x_wconf 82' lang='lat' dir='ltr'><strong>agere</strong></span> <span class='ocrx_word' id='word_1_188' title='bbox 184 1965 245 2003; x_wconf 91' lang='lat' dir='ltr'><strong>cum</strong></span> <span class='ocrx_word' id='word_1_189' title='bbox 264 1949 378 2018; x_wconf 88' lang='lat' dir='ltr'><strong>populo;</strong></span> <span class='ocrx_word' id='word_1_190' title='bbox 396 1953 489 2003; x_wconf 89' lang='lat' dir='ltr'><strong>tamen</strong></span> <span class='ocrx_word' id='word_1_191' title='bbox 507 1950 581 2003; x_wconf 89' lang='lat' dir='ltr'><strong>illius</strong></span> <span class='ocrx_word' id='word_1_192' title='bbox 601 1951 766 2005; x_wconf 87' lang='lat' dir='ltr'><strong>vendibilem</strong></span> <span class='ocrx_word' id='word_1_193' title='bbox 787 1952 937 2005; x_wconf 89' lang='lat' dir='ltr'><strong>orationem</strong></span> 
     </span>
     <span class='ocr_line' id='line_1_26' title="bbox 86 2023 937 2093; baseline 0.004 -17"><span class='ocrx_word' id='word_1_194' title='bbox 86 2023 180 2091; x_wconf 84' lang='lat' dir='ltr'><strong>religio</strong></span> <span class='ocrx_word' id='word_1_195' title='bbox 193 2024 306 2077; x_wconf 91' lang='lat' dir='ltr'><strong>deorum</strong></span> <span class='ocrx_word' id='word_1_196' title='bbox 322 2025 515 2093; x_wconf 87' lang='lat' dir='ltr'><strong>immortalium</strong></span> <span class='ocrx_word' id='word_1_197' title='bbox 531 2026 609 2079; x_wconf 92' lang='lat' dir='ltr'><strong>nobis</strong></span> <span class='ocrx_word' id='word_1_198' title='bbox 626 2026 838 2081; x_wconf 87' lang='lat' dir='ltr'><strong>defendentibus</strong></span> <span class='ocrx_word' id='word_1_199' title='bbox 857 2026 937 2079; x_wconf 80' lang='lat' dir='ltr'><strong>facile</strong></span> 
     </span>
     <span class='ocr_line' id='line_1_27' title="bbox 84 2099 937 2171; baseline 0.002 -19"><span class='ocrx_word' id='word_1_200' title='bbox 84 2099 219 2155; x_wconf 86' lang='lat' dir='ltr'><strong>vincebat.</strong></span> <span class='ocrx_word' id='word_1_201' title='bbox 254 2101 349 2168; x_wconf 81' lang='lat' dir='ltr'><strong>Atque</strong></span> <span class='ocrx_word' id='word_1_202' title='bbox 361 2100 391 2153; x_wconf 93' lang='lat' dir='ltr'><strong>id</strong></span> <span class='ocrx_word' id='word_1_203' title='bbox 402 2105 493 2154; x_wconf 87' lang='lat' dir='ltr'><strong>actum</strong></span> <span class='ocrx_word' id='word_1_204' title='bbox 506 2105 548 2155; x_wconf 88' lang='lat' dir='ltr'><strong>est</strong></span> <span class='ocrx_word' id='word_1_205' title='bbox 559 2107 686 2170; x_wconf 88' lang='lat' dir='ltr'><strong>praetore</strong></span> <span class='ocrx_word' id='word_1_206' title='bbox 694 2118 739 2155; x_wconf 89' lang='lat' dir='ltr'><strong>me</strong></span> <span class='ocrx_word' id='word_1_207' title='bbox 752 2102 937 2171; x_wconf 90' lang='lat' dir='ltr'><strong>quinquennio</strong></span> 
     </span>
     <span class='ocr_line' id='line_1_28' title="bbox 85 2177 938 2248; baseline -0.001 -15"><span class='ocrx_word' id='word_1_208' title='bbox 85 2178 151 2233; x_wconf 86' lang='lat' dir='ltr'><strong>ante</strong></span> <span class='ocrx_word' id='word_1_209' title='bbox 159 2193 241 2244; x_wconf 90' lang='lat' dir='ltr'><strong>quam</strong></span> <span class='ocrx_word' id='word_1_210' title='bbox 250 2177 343 2233; x_wconf 85' lang='lat' dir='ltr'><strong>consul</strong></span> <span class='ocrx_word' id='word_1_211' title='bbox 355 2194 415 2232; x_wconf 92' lang='lat' dir='ltr'><strong>sum</strong></span> <span class='ocrx_word' id='word_1_212' title='bbox 424 2178 521 2233; x_wconf 84' lang='lat' dir='ltr'><strong>lactus.</strong></span> <span class='ocrx_word' id='word_1_213' title='bbox 545 2178 592 2231; x_wconf 85' lang='lat' dir='ltr'><strong>Ita</strong></span> <span class='ocrx_word' id='word_1_214' title='bbox 603 2194 635 2232; x_wconf 88' lang='lat' dir='ltr'><strong>re</strong></span> <span class='ocrx_word' id='word_1_215' title='bbox 645 2177 732 2247; x_wconf 82' lang='lat' dir='ltr'><strong>magis</strong></span> <span class='ocrx_word' id='word_1_216' title='bbox 741 2195 823 2248; x_wconf 91' lang='lat' dir='ltr'><strong>quam</strong></span> <span class='ocrx_word' id='word_1_217' title='bbox 832 2193 938 2232; x_wconf 90' lang='lat' dir='ltr'><strong>summa</strong></span> 
     </span>
     <span class='ocr_line' id='line_1_29' title="bbox 85 2252 968 2307; baseline 0.002 -1"><span class='ocrx_word' id='word_1_218' title='bbox 85 2252 250 2306; x_wconf 85' lang='lat' dir='ltr'><strong>auctoritate</strong></span> <span class='ocrx_word' id='word_1_219' title='bbox 262 2269 345 2307; x_wconf 87' lang='lat' dir='ltr'><strong>causa</strong></span> <span class='ocrx_word' id='word_1_220' title='bbox 356 2254 402 2307; x_wconf 89' lang='lat' dir='ltr'><strong>illa</strong></span> <span class='ocrx_word' id='word_1_221' title='bbox 415 2254 528 2307; x_wconf 85' lang='lat' dir='ltr'><strong>defensa</strong></span> <span class='ocrx_word' id='word_1_222' title='bbox 541 2256 591 2307; x_wconf 84' lang='lat' dir='ltr'><strong>est</strong></span> <span class='ocrx_word' id='word_1_223' title='bbox 965 2288 968 2294; x_wconf 89' lang='lat'>·</span> 
     </span>
     <span class='ocr_line' id='line_1_30' title="bbox 138 2322 939 2393; baseline -0.005 -12"><span class='ocrx_word' id='word_1_224' title='bbox 138 2327 244 2381; x_wconf 88' lang='lat' dir='ltr'>XXVI.</span> <span class='ocrx_word' id='word_1_225' title='bbox 262 2330 303 2385; x_wconf 85' lang='grc'><strong>97.</strong></span> <span class='ocrx_word' id='word_1_226' title='bbox 327 2326 407 2391; x_wconf 83' lang='lat' dir='ltr'><strong>Quod</strong></span> <span class='ocrx_word' id='word_1_227' title='bbox 423 2325 446 2379; x_wconf 89' lang='lat' dir='ltr'><strong>si</strong></span> <span class='ocrx_word' id='word_1_228' title='bbox 460 2325 488 2379; x_wconf 92' lang='lat' dir='ltr'><strong>in</strong></span> <span class='ocrx_word' id='word_1_229' title='bbox 505 2342 592 2393; x_wconf 88' lang='lat' dir='ltr'><strong>scona,</strong></span> <span class='ocrx_word' id='word_1_230' title='bbox 609 2325 703 2391; x_wconf 87' lang='lat' dir='ltr'><strong>idest,</strong></span> <span class='ocrx_word' id='word_1_231' title='bbox 719 2325 748 2378; x_wconf 91' lang='lat' dir='ltr'><strong>in</strong></span> <span class='ocrx_word' id='word_1_232' title='bbox 764 2323 898 2391; x_wconf 87' lang='lat' dir='ltr'><strong>contione,</strong></span> <span class='ocrx_word' id='word_1_233' title='bbox 909 2322 939 2377; x_wconf 90' lang='lat' dir='ltr'><strong>in</strong></span> 
     </span>
     <span class='ocr_line' id='line_1_31' title="bbox 86 2401 937 2474; baseline -0.006 -16"><span class='ocrx_word' id='word_1_234' title='bbox 86 2420 142 2472; x_wconf 89' lang='lat' dir='ltr'><strong>qua</strong></span> <span class='ocrx_word' id='word_1_235' title='bbox 153 2402 235 2457; x_wconf 85' lang='lat' dir='ltr'><strong>rebus</strong></span> <span class='ocrx_word' id='word_1_236' title='bbox 247 2402 318 2457; x_wconf 85' lang='lat' dir='ltr'><strong>lictis</strong></span> <span class='ocrx_word' id='word_1_237' title='bbox 330 2405 359 2456; x_wconf 90' lang='lat' dir='ltr'><strong>et</strong></span> <span class='ocrx_word' id='word_1_238' title='bbox 370 2401 541 2456; x_wconf 89' lang='lat' dir='ltr'><strong>adumbratis</strong></span> <span class='ocrx_word' id='word_1_239' title='bbox 553 2401 605 2455; x_wconf 92' lang='lat' dir='ltr'><strong>loci</strong></span> <span class='ocrx_word' id='word_1_240' title='bbox 616 2402 764 2474; x_wconf 86' lang='lat' dir='ltr'><strong>plurimum</strong></span> <span class='ocrx_word' id='word_1_241' title='bbox 775 2404 826 2467; x_wconf 59' lang='lat' dir='ltr'><strong>ew,</strong></span> <span class='ocrx_word' id='word_1_242' title='bbox 843 2402 937 2453; x_wconf 87' lang='lat' dir='ltr'><strong>tamen</strong></span> 
     </span>
     <span class='ocr_line' id='line_1_32' title="bbox 86 2476 938 2547; baseline -0.006 -15"><span class='ocrx_word' id='word_1_243' title='bbox 86 2495 181 2533; x_wconf 87' lang='lat' dir='ltr'><strong>verum</strong></span> <span class='ocrx_word' id='word_1_244' title='bbox 195 2479 276 2547; x_wconf 86' lang='lat' dir='ltr'><strong>valet,</strong></span> <span class='ocrx_word' id='word_1_245' title='bbox 292 2478 410 2532; x_wconf 86' lang='lat' dir='ltr'><strong>simodo</strong></span> <span class='ocrx_word' id='word_1_246' title='bbox 426 2478 457 2530; x_wconf 93' lang='lat' dir='ltr'><strong>id</strong></span> <span class='ocrx_word' id='word_1_247' title='bbox 472 2477 641 2547; x_wconf 85' lang='lat' dir='ltr'><strong>patefactum</strong></span> <span class='ocrx_word' id='word_1_248' title='bbox 657 2480 688 2530; x_wconf 88' lang='lat' dir='ltr'><strong>et</strong></span> <span class='ocrx_word' id='word_1_249' title='bbox 703 2476 869 2530; x_wconf 89' lang='lat' dir='ltr'><strong>illustratum</strong></span> <span class='ocrx_word' id='word_1_250' title='bbox 886 2479 938 2542; x_wconf 89' lang='lat' dir='ltr'><strong>ost,</strong></span> 
     </span>
     <span class='ocr_line' id='line_1_33' title="bbox 87 2552 940 2623; baseline -0.005 -16"><span class='ocrx_word' id='word_1_251' title='bbox 87 2554 155 2623; x_wconf 91' lang='lat' dir='ltr'><strong>quid</strong></span> <span class='ocrx_word' id='word_1_252' title='bbox 172 2554 201 2607; x_wconf 85' lang='lat' dir='ltr'><strong>in</strong></span> <span class='ocrx_word' id='word_1_253' title='bbox 219 2553 338 2607; x_wconf 88' lang='lat' dir='ltr'><strong>amicitia</strong></span> <span class='ocrx_word' id='word_1_254' title='bbox 359 2552 418 2607; x_wconf 91' lang='lat' dir='ltr'><strong>ficri</strong></span> <span class='ocrx_word' id='word_1_255' title='bbox 439 2556 548 2621; x_wconf 92' lang='lat' dir='ltr'><strong>oportet</strong></span> <span class='ocrx_word' id='word_1_256' title='bbox 568 2569 639 2621; x_wconf 85' lang='lat' dir='ltr'><strong>quas</strong></span> <span class='ocrx_word' id='word_1_257' title='bbox 659 2555 720 2606; x_wconf 90' lang='lat' dir='ltr'><strong>tota</strong></span> <span class='ocrx_word' id='word_1_258' title='bbox 739 2552 858 2606; x_wconf 85' lang='lat' dir='ltr'><strong>veritate</strong></span> <span class='ocrx_word' id='word_1_259' title='bbox 877 2566 940 2619; x_wconf 88' lang='lat' dir='ltr'><strong>per-</strong></span> 
     </span>
     <span class='ocr_line' id='line_1_34' title="bbox 86 2625 940 2698; baseline -0.004 -16"><span class='ocrx_word' id='word_1_260' title='bbox 86 2629 236 2698; x_wconf 85' lang='lat' dir='ltr'><strong>penditnrl</strong></span> <span class='ocrx_word' id='word_1_261' title='bbox 254 2630 283 2682; x_wconf 92' lang='lat' dir='ltr'><strong>in</strong></span> <span class='ocrx_word' id='word_1_262' title='bbox 295 2646 349 2697; x_wconf 92' lang='lat' dir='ltr'><strong>qua</strong></span> <span class='ocrx_word' id='word_1_263' title='bbox 360 2628 419 2695; x_wconf 90' lang='lat' dir='ltr'><strong>nisi,</strong></span> <span class='ocrx_word' id='word_1_264' title='bbox 432 2633 464 2682; x_wconf 93' lang='lat' dir='ltr'><strong>ut</strong></span> <span class='ocrx_word' id='word_1_265' title='bbox 476 2626 584 2694; x_wconf 88' lang='lat' dir='ltr'><strong>dicitur,</strong></span> <span class='ocrx_word' id='word_1_266' title='bbox 597 2630 723 2695; x_wconf 90' lang='lat' dir='ltr'><strong>apertum</strong></span> <span class='ocrx_word' id='word_1_267' title='bbox 738 2630 835 2694; x_wconf 85' lang='lat' dir='ltr'><strong>pectus</strong></span> <span class='ocrx_word' id='word_1_268' title='bbox 847 2625 940 2679; x_wconf 85' lang='lat' dir='ltr'><strong>videas</strong></span> 
     </span>
     <span class='ocr_line' id='line_1_35' title="bbox 86 2700 940 2773; baseline -0.006 -15"><span class='ocrx_word' id='word_1_269' title='bbox 86 2708 221 2773; x_wconf 91' lang='lat' dir='ltr'><strong>tuumque</strong></span> <span class='ocrx_word' id='word_1_270' title='bbox 229 2700 372 2772; x_wconf 84' lang='lat' dir='ltr'><strong>ostendas,</strong></span> <span class='ocrx_word' id='word_1_271' title='bbox 383 2704 449 2757; x_wconf 90' lang='lat' dir='ltr'><strong>nihil</strong></span> <span class='ocrx_word' id='word_1_272' title='bbox 461 2702 554 2769; x_wconf 89' lang='lat' dir='ltr'><strong>fidum,</strong></span> <span class='ocrx_word' id='word_1_273' title='bbox 567 2701 635 2754; x_wconf 91' lang='lat' dir='ltr'><strong>nihil</strong></span> <span class='ocrx_word' id='word_1_274' title='bbox 644 2702 815 2769; x_wconf 88' lang='lat' dir='ltr'><strong>exploratum</strong></span> <span class='ocrx_word' id='word_1_275' title='bbox 824 2701 926 2754; x_wconf 83' lang='lat' dir='ltr'><strong>habeas</strong></span> <span class='ocrx_word' id='word_1_276' title='bbox 932 2720 940 2766; x_wconf 90' lang='lat'>;</span> 
     </span>
     <span class='ocr_line' id='line_1_36' title="bbox 87 2776 941 2848; baseline -0.005 -15"><span class='ocrx_word' id='word_1_277' title='bbox 87 2796 122 2834; x_wconf 89' lang='lat' dir='ltr'><strong>ne</strong></span> <span class='ocrx_word' id='word_1_278' title='bbox 140 2796 232 2833; x_wconf 78' lang='lat' dir='ltr'><strong>arnano</strong></span> <span class='ocrx_word' id='word_1_279' title='bbox 250 2778 362 2848; x_wconf 87' lang='lat' dir='ltr'><strong>quidem</strong></span> <span class='ocrx_word' id='word_1_280' title='bbox 382 2782 429 2832; x_wconf 90' lang='lat' dir='ltr'><strong>aut</strong></span> <span class='ocrx_word' id='word_1_281' title='bbox 447 2777 539 2843; x_wconf 89' lang='lat' dir='ltr'><strong>amari,</strong></span> <span class='ocrx_word' id='word_1_282' title='bbox 558 2793 643 2845; x_wconf 90' lang='lat' dir='ltr'><strong>quum</strong></span> <span class='ocrx_word' id='word_1_283' title='bbox 661 2777 691 2829; x_wconf 95' lang='lat' dir='ltr'><strong>id</strong></span> <span class='ocrx_word' id='word_1_284' title='bbox 708 2793 791 2845; x_wconf 91' lang='lat' dir='ltr'><strong>quam</strong></span> <span class='ocrx_word' id='word_1_285' title='bbox 808 2793 873 2831; x_wconf 83' lang='lat' dir='ltr'><strong>vero</strong></span> <span class='ocrx_word' id='word_1_286' title='bbox 890 2776 941 2829; x_wconf 86' lang='lat' dir='ltr'><strong>fiat</strong></span> 
     </span>
     <span class='ocr_line' id='line_1_37' title="bbox 87 2851 940 2923; baseline -0.005 -14"><span class='ocrx_word' id='word_1_287' title='bbox 87 2855 203 2923; x_wconf 80' lang='lat' dir='ltr'><strong>ignores.</strong></span> <span class='ocrx_word' id='word_1_288' title='bbox 232 2854 403 2923; x_wconf 83' lang='lat' dir='ltr'><strong>Quamquam</strong></span> <span class='ocrx_word' id='word_1_289' title='bbox 415 2854 468 2907; x_wconf 90' lang='lat' dir='ltr'><strong>ista</strong></span> <span class='ocrx_word' id='word_1_290' title='bbox 480 2852 637 2918; x_wconf 87' lang='lat' dir='ltr'><strong>assentatio,</strong></span> <span class='ocrx_word' id='word_1_291' title='bbox 650 2853 774 2921; x_wconf 87' lang='lat' dir='ltr'><strong>quamvis</strong></span> <span class='ocrx_word' id='word_1_292' title='bbox 785 2851 940 2921; x_wconf 88' lang='lat' dir='ltr'><strong>perniciosa</strong></span> 
     </span>
     <span class='ocr_line' id='line_1_38' title="bbox 88 2927 940 3000; baseline -0.004 -17"><span class='ocrx_word' id='word_1_293' title='bbox 88 2931 133 3000; x_wconf 86' lang='lat' dir='ltr'><strong>sit,</strong></span> <span class='ocrx_word' id='word_1_294' title='bbox 145 2948 242 2985; x_wconf 89' lang='lat' dir='ltr'><strong>nocere</strong></span> <span class='ocrx_word' id='word_1_295' title='bbox 253 2933 345 2983; x_wconf 90' lang='lat' dir='ltr'><strong>tamen</strong></span> <span class='ocrx_word' id='word_1_296' title='bbox 354 2928 455 2982; x_wconf 89' lang='lat' dir='ltr'><strong>nemini</strong></span> <span class='ocrx_word' id='word_1_297' title='bbox 463 2931 556 2995; x_wconf 91' lang='lat' dir='ltr'><strong>potest</strong></span> <span class='ocrx_word' id='word_1_298' title='bbox 565 2927 618 2980; x_wconf 90' lang='lat' dir='ltr'><strong>nisi</strong></span> <span class='ocrx_word' id='word_1_299' title='bbox 627 2928 652 2981; x_wconf 89' lang='lat' dir='ltr'><strong>ei</strong></span> <span class='ocrx_word' id='word_1_300' title='bbox 662 2928 709 2995; x_wconf 93' lang='lat' dir='ltr'><strong>qui</strong></span> <span class='ocrx_word' id='word_1_301' title='bbox 719 2944 779 2982; x_wconf 86' lang='lat' dir='ltr'><strong>eam</strong></span> <span class='ocrx_word' id='word_1_302' title='bbox 789 2928 888 2996; x_wconf 90' lang='lat' dir='ltr'><strong>recipit</strong></span> <span class='ocrx_word' id='word_1_303' title='bbox 897 2931 940 2981; x_wconf 90' lang='lat' dir='ltr'><strong>at-</strong></span> 
     </span>
     <span class='ocr_line' id='line_1_39' title="bbox 89 3002 941 3076; baseline -0.006 -15"><span class='ocrx_word' id='word_1_304' title='bbox 89 3024 143 3076; x_wconf 92' lang='lat' dir='ltr'><strong>que</strong></span> <span class='ocrx_word' id='word_1_305' title='bbox 156 3024 188 3061; x_wconf 90' lang='lat' dir='ltr'><strong>ea</strong></span> <span class='ocrx_word' id='word_1_306' title='bbox 200 3007 363 3060; x_wconf 86' lang='lat' dir='ltr'><strong>delectatur.</strong></span> <span class='ocrx_word' id='word_1_307' title='bbox 387 3004 433 3058; x_wconf 91' lang='lat' dir='ltr'><strong>Ita</strong></span> <span class='ocrx_word' id='word_1_308' title='bbox 444 3004 477 3056; x_wconf 87' lang='lat' dir='ltr'><strong>tit</strong></span> <span class='ocrx_word' id='word_1_309' title='bbox 489 3006 522 3056; x_wconf 92' lang='lat' dir='ltr'><strong>ut</strong></span> <span class='ocrx_word' id='word_1_310' title='bbox 529 3003 553 3055; x_wconf 90' lang='lat' dir='ltr'><strong>is</strong></span> <span class='ocrx_word' id='word_1_311' title='bbox 562 3003 780 3057; x_wconf 87' lang='lat' dir='ltr'><strong>assentatoribus</strong></span> <span class='ocrx_word' id='word_1_312' title='bbox 791 3002 941 3072; x_wconf 85' lang='lat' dir='ltr'><strong>patefaciat</strong></span> 
     </span>
     <span class='ocr_line' id='line_1_40' title="bbox 88 3084 940 3152; baseline -0.004 -10"><span class='ocrx_word' id='word_1_313' title='bbox 88 3104 168 3143; x_wconf 85' lang='lat' dir='ltr'><strong>aures</strong></span> <span class='ocrx_word' id='word_1_314' title='bbox 181 3104 243 3141; x_wconf 90' lang='lat' dir='ltr'><strong>suas</strong></span> <span class='ocrx_word' id='word_1_315' title='bbox 254 3086 379 3151; x_wconf 89' lang='lat' dir='ltr'><strong>maxime,</strong></span> <span class='ocrx_word' id='word_1_316' title='bbox 392 3085 439 3152; x_wconf 91' lang='lat' dir='ltr'><strong>qui</strong></span> <span class='ocrx_word' id='word_1_317' title='bbox 450 3086 508 3152; x_wconf 90' lang='lat' dir='ltr'><strong>ipse</strong></span> <span class='ocrx_word' id='word_1_318' title='bbox 518 3084 570 3136; x_wconf 87' lang='lat' dir='ltr'><strong>sibi</strong></span> <span class='ocrx_word' id='word_1_319' title='bbox 579 3088 735 3138; x_wconf 85' lang='lat' dir='ltr'><strong>assentetur</strong></span> <span class='ocrx_word' id='word_1_320' title='bbox 743 3088 774 3139; x_wconf 94' lang='lat' dir='ltr'><strong>et</strong></span> <span class='ocrx_word' id='word_1_321' title='bbox 782 3102 813 3139; x_wconf 91' lang='lat' dir='ltr'><strong>se</strong></span> <span class='ocrx_word' id='word_1_322' title='bbox 822 3085 940 3139; x_wconf 87' lang='lat' dir='ltr'><strong>maxime</strong></span> 
     </span>
     <span class='ocr_line' id='line_1_41' title="bbox 88 3159 941 3231; baseline -0.002 -16"><span class='ocrx_word' id='word_1_323' title='bbox 88 3164 146 3231; x_wconf 88' lang='lat' dir='ltr'><strong>ipse</strong></span> <span class='ocrx_word' id='word_1_324' title='bbox 159 3163 287 3215; x_wconf 88' lang='lat' dir='ltr'><strong>delectet.</strong></span> <span class='ocrx_word' id='word_1_325' title='bbox 323 3166 364 3214; x_wconf 86' lang='grc'><strong>98.</strong></span> <span class='ocrx_word' id='word_1_326' title='bbox 377 3160 493 3213; x_wconf 90' lang='lat' dir='ltr'><strong>Omnino</strong></span> <span class='ocrx_word' id='word_1_327' title='bbox 506 3162 549 3213; x_wconf 87' lang='lat' dir='ltr'><strong>est</strong></span> <span class='ocrx_word' id='word_1_328' title='bbox 561 3176 655 3212; x_wconf 86' lang='lat' dir='ltr'><strong>amans</strong></span> <span class='ocrx_word' id='word_1_329' title='bbox 667 3160 709 3213; x_wconf 88' lang='lat' dir='ltr'><strong>sui</strong></span> <span class='ocrx_word' id='word_1_330' title='bbox 720 3160 808 3214; x_wconf 87' lang='lat' dir='ltr'><strong>virtus</strong></span> <span class='ocrx_word' id='word_1_331' title='bbox 818 3180 826 3224; x_wconf 93' lang='lat'>;</span> <span class='ocrx_word' id='word_1_332' title='bbox 837 3159 941 3227; x_wconf 90' lang='lat' dir='ltr'><strong>optime</strong></span> 
     </span>
    </p>
   </div>
   <div class='ocr_carea' id='block_1_3' title="bbox 0 0 1134 3450">
    <p class='ocr_par' dir='ltr' id='par_1_3' title="bbox 0 0 1134 3450">
     <span class='ocr_line' id='line_1_42' title="bbox 0 0 1134 3450; baseline 0 0"><span class='ocrx_word' id='word_1_333' title='bbox 0 0 1134 3450; x_wconf 95' lang='lat' dir='ltr'><strong> </strong></span> 
     </span>
    </p>
   </div>
  </div>
 </body>
</html>
