2250 3450
95 172 124 220 ll
318 168 356 218 M.
374 167 502 218 TULLII
523 169 714 221 CICERONIS

92 247 158 302 dum
181 247 222 303 ita
243 247 384 316 gauderet,
404 246 470 301 nihil
489 247 595 317 agitare
616 254 717 320 mente,
738 252 805 308 nihil
828 252 943 321 ratione,

92 322 158 378 nihil
179 323 343 388 cogitatione
364 324 493 388 consequi
510 329 611 392 posset.
646 327 779 392 Quocirca
795 328 865 382 nihil
882 344 942 381 esse

94 397 152 448 tant
164 393 329 455 detestabile
341 395 452 463 tamque
463 396 624 464 pestiferum
633 413 713 464 quam
723 396 891 464 voluptatem
901 415 908 460 ;
920 395 944 448 si
964 431 966 435 ·

94 469 205 538 quidem
221 486 262 538 ea,
277 486 361 540 quum
377 470 465 539 major
481 474 556 525 esset
572 475 655 540 atque
670 471 849 540 longinquior,
864 486 944 524 omne

94 545 177 600 animi
194 546 286 601 lumen
300 546 511 614 exstingueret.''
547 547 625 602 Haec
637 564 700 602 cum
712 548 743 601 0.
756 547 855 601 Pontio
867 546 944 600 Sam-

94 617 160 684 nite,
178 619 258 686 patre
277 621 338 684 ejus
356 633 373 670 a
391 633 445 686 quo
464 617 588 675 Oaudino
605 619 709 688 praelio
727 619 773 688 Sp.
786 619 944 674 Postmnius

94 693 124 746 Τ.
136 692 268 747 Veturius
286 692 409 746 consules
427 694 549 762 superati
567 698 638 762 sunt,
656 693 778 750 locutum
791 696 944 763 Archytam

95 768 236 822 Nearchus
260 768 430 838 Tarentinus,
453 768 552 838 hospes
567 773 676 836 noster,
700 771 748 838 qui
772 771 800 824 in
824 769 945 824 amicitia
976 834 981 840 ,

94 844 187 913 populi
199 843 315 897 Romani
326 848 521 912 permanserat,
540 862 570 900 se
587 862 604 899 a
620 846 771 915 majoribus
784 848 852 900 natu
869 861 944 899 acce-

94 919 167 987 pisse
191 918 308 986 dicebat,
337 936 421 988 quum
445 919 557 989 quidem
581 922 608 975 ei
632 922 749 976 sermoni
774 919 945 976 interfuisset

96 994 175 1049 Plato
191 994 374 1061 Atheniensis,
392 1012 474 1064 quem
487 996 637 1051 Tarentum
654 998 762 1052 venisse
779 998 810 1052 L.
830 995 945 1051 Camillo

96 1071 187 1140 Appio
205 1071 320 1126 Claudio
337 1072 491 1127 consulibus
509 1073 625 1143 reperio.
661 1079 702 1128 42.
720 1074 842 1138 Quorsus
858 1073 944 1127 haecl

96 1147 137 1201 Ut
147 1147 316 1216 intelligatis
329 1147 352 1201 si
364 1147 532 1217 voluptatem
544 1150 684 1216 aspernari
702 1148 808 1203 ratione
825 1151 855 1202 et
873 1147 943 1215 sapi-

95 1223 171 1278 entia
186 1240 240 1277 non
251 1239 400 1294 possemus,
412 1239 540 1292 magnam
555 1223 711 1278 habendam
729 1222 865 1279 senectuti
882 1237 943 1289 gra-

95 1298 170 1368 tiam,
187 1315 258 1366 quae
275 1298 398 1354 effecerit
412 1302 446 1353 ut
463 1298 493 1352 id
503 1315 557 1370 non
569 1299 670 1354 liberet
683 1301 757 1369 quod
768 1316 823 1353 non
835 1300 943 1366 oporte-

95 1376 148 1429 ret.
184 1372 305 1443 Impedit
323 1375 395 1429 enim
412 1375 554 1430 consilium
567 1375 707 1447 voluptas;
724 1376 824 1430 rationi
835 1373 944 1428 inimica

96 1453 139 1504 est
158 1466 191 1504 ac
208 1451 318 1519 mentis,
340 1453 372 1506 ut
394 1450 435 1506 ita
458 1451 555 1520 dicam,
575 1452 754 1521 praestringit
777 1450 876 1516 oculos,
893 1464 944 1503 nec

95 1525 180 1580 habet
190 1526 276 1580 ullum
287 1541 349 1580 oum
360 1525 464 1581 virtute
481 1527 679 1584 commercium.
716 1528 823 1582 Invitus
842 1526 894 1580 feci
911 1526 945 1579 ut

96 1601 236 1656 fortissimi
256 1601 308 1656 viri
329 1601 357 1655 Τ.
377 1601 522 1656 Flaminini
542 1603 658 1657 fratrem
677 1604 707 1658 L.
728 1603 909 1657 Flamininum
927 1615 944 1652 e

97 1676 200 1733 Senatu
218 1675 345 1746 ejicerem
365 1680 472 1746 septem
492 1679 570 1732 annis
588 1682 652 1747 post
669 1695 751 1748 quam
768 1675 861 1732 consul
877 1673 944 1727 iuis-

97 1757 157 1819 set;
174 1752 224 1807 sed
241 1752 389 1807 notandam
400 1753 496 1822 putavi
512 1752 662 1808 libidinem.
699 1754 751 1806 Ille
768 1752 841 1806 enirn
858 1766 944 1818 quum

97 1832 171 1883 esset
187 1827 288 1896 consu,
304 1828 333 1881 in
350 1828 440 1881 Gallia
452 1831 582 1883 exoratus
592 1828 620 1881 in
632 1827 753 1881 convivio
765 1843 782 1879 a
794 1828 883 1879 scorto
900 1827 944 1878 est

96 1907 130 1958 ut
147 1903 234 1958 securi
250 1903 347 1957 feriret
362 1903 481 1972 aliquem
497 1919 591 1957 eorum
609 1903 657 1971 qui
675 1903 703 1955 in
721 1901 834 1955 vinculis
852 1903 945 1955 essent

97 1979 220 2034 damnati
243 1978 285 2033 rei
306 1978 438 2048 capitalis
475 1979 530 2033 Hic
553 1978 616 2032 Tito
641 1978 727 2032 fratre
752 1994 800 2031 suo
823 1992 944 2043 censore,

97 2054 145 2124 qui
164 2054 305 2123 proximus
322 2056 386 2108 ante
407 2070 451 2109 me
471 2054 571 2121 fuerat,
589 2053 698 2121 elapsus
716 2056 774 2118 est;
795 2052 861 2106 mihi
878 2067 945 2105 vero

97 2134 127 2184 et
148 2129 245 2184 Flacco
264 2129 424 2197 neutiquam
442 2128 551 2198 probari
572 2129 664 2197 potuit
684 2131 741 2182 tam
760 2127 895 2196 flagitiosa
915 2128 945 2181 et

97 2208 155 2259 tam
167 2204 277 2273 perdita
288 2204 374 2258 libido
383 2220 453 2273 quae
464 2220 527 2259 cum
539 2203 640 2273 probro
647 2204 755 2274 privato
766 2201 945 2271 conjungeret

97 2280 206 2349 imperii
217 2279 345 2335 dedecus.

130 2355 235 2410 -XIIL
264 2361 306 2410 43.
331 2355 419 2424 Saepe
437 2353 529 2409 audivi
547 2370 564 2407 a
585 2353 734 2422 majoribus
756 2357 831 2420 natu,
851 2355 945 2422 quise

98 2447 179 2500 porro
190 2447 290 2500 pueros
301 2447 318 2485 a
335 2430 446 2485 senibus
461 2430 571 2485 audisse
583 2429 719 2496 dicebaut,
731 2429 825 2483 mirari
835 2428 946 2483 solitum

100 2506 129 2562 Ο.
139 2506 300 2573 Fabricium,
309 2506 391 2576 quod,
403 2522 488 2575 quum
500 2505 573 2574 apud
584 2521 678 2573 regem
691 2505 827 2574 Pyrrhum
838 2504 947 2573 legatus

99 2586 181 2650 esset,
193 2582 316 2637 audisset
330 2598 348 2636 a
360 2581 489 2636 Thessalo
500 2581 586 2636 Cinea
597 2597 658 2636 esse
675 2580 814 2650 quendam
827 2579 946 2635 Athenis

18 2676 24 2697 ι
100 2659 148 2727 qui
168 2675 199 2713 se
219 2659 370 2728 sapientem
393 2658 580 2727 profiteretur,
598 2673 717 2726 eumque
740 2657 832 2711 dicere
855 2656 948 2709 omnia
973 2667 977 2673 ·

100 2750 171 2803 quae
182 2734 333 2789 faceremus
344 2733 381 2788 ad
391 2733 562 2803 voluptatem
574 2748 635 2787 esse
646 2732 808 2796 referenda3
825 2731 900 2801 quod
912 2746 947 2784 ex

100 2826 133 2863 eo
156 2809 300 2864 audientes
324 2809 370 2864 M'.
391 2809 503 2864 (iuriam
527 2812 557 2863 et
578 2809 607 2862 ’1.
628 2808 827 2863 Coruncanium
850 2809 948 2875 optare

101 2884 193 2939 salites
204 2888 237 2938 ut
248 2884 279 2938 id
291 2884 460 2939 Samnitibus
476 2883 584 2954 ipsique
602 2883 708 2951 Pyrrho
724 2881 947 2952 persuaderetur,
1061 2893 1064 2897 “

101 2960 272 3029 quofacilius
287 2960 358 3015 vinci
375 2964 486 3029 possent
503 2976 590 3029 quum
607 2975 637 3013 se
655 2958 842 3027 voluptatibus
859 2957 950 3012 ‹ledis-

20 3084 21 3095 ,
101 3040 169 3091 sent
205 3036 322 3091 Vixerat
339 3036 384 3091 M‘.
397 3036 569 3091 Ouriuscum
582 3034 614 3091 P.
628 3034 712 3089 Decio
729 3034 778 3103 qui
796 3033 949 3104 quinquen-

99 3112 146 3179 ¹uio
168 3114 234 3166 ante
263 3128 326 3166 eum
352 3112 490 3167 consulem
518 3127 549 3166 se
578 3127 628 3181 pru
651 3126 682 3164 re
711 3110 821 3179 publica
849 3112 949 3179 quarto

101 3187 242 3244 consulatu
259 3187 413 3243 devoverat
449 3188 538 3242 Norat
561 3186 680 3243 eundem
704 3185 852 3253 Fabricius,
869 3185 951 3248 norat

1092 170 1109 317 l
