2250 3450
339 168 599 221 EPISTOLARUM
616 171 719 221 LIBRI
737 171 819 222 DUO.
975 172 1006 226 79.

154 249 316 310 eonseoutus
327 263 381 309 non
392 252 460 304 erat.
491 249 521 303 Is
533 250 593 304 dies
604 249 658 304 fuit
670 247 696 302 Ν
698 265 740 302 on.
753 249 779 302 N
781 247 900 303 ovembr.
937 247 1010 304 Inde

110 323 118 332 '
154 327 219 376 ante
230 323 318 376 lueem
330 324 535 392 proficiscentes
546 328 611 379 ante
623 325 698 378 diem
707 339 768 378 ιιιι.
778 325 846 379 idus
859 323 885 378 N
887 324 1007 386 ovembr.

154 398 203 453 lias
215 398 309 452 literas
322 399 454 455 dedimus.
492 401 541 467 Tu,
554 401 577 454 si
589 417 639 455 nos
655 417 749 454 omnes
767 417 841 454 amas
861 403 890 454 et
904 401 1008 472 praeei-

153 491 209 544 pue
225 491 269 528 me
286 475 447 543 magistrum
462 479 550 545 tuum,
562 476 693 530 confirma
710 479 746 530 to.
786 475 845 544 Ego
860 476 939 530 valde
951 494 1009 531 sus-

153 567 239 620 penso
250 551 339 605 animo
352 556 489 620 exspecto,
498 553 618 621 primum
631 556 662 607 te
674 553 785 620 scilieet,
795 551 896 606 deinde
909 552 1009 607 Mario

152 643 217 680 nem
238 643 300 681 oum
318 627 375 681 tuis
390 628 484 682 literis
503 668 506 672 -
523 628 625 682 Omnes
644 629 776 698 cupimus,
794 643 844 696 ego
860 627 888 682 in
905 628 1008 697 primis,

154 720 236 771 quam
249 704 367 772 primum
379 707 409 757 te
421 704 524 773 videre,
537 704 594 772 sed,
607 705 646 758 mi
658 705 729 772 Tiro,
741 702 885 758 valentem.
917 704 1008 769 Quare

153 778 221 832 nihil
233 781 405 848 properaris;
417 781 486 835 satis
498 780 623 851 quotidie
635 780 738 846 videro,
751 779 774 832 si
786 779 895 835 valebis.
926 780 1008 834 Utili-

152 854 258 911 tatibus
269 857 326 910 tuis
337 861 447 924 possum
458 872 569 920 carere3
587 858 616 910 te
628 855 720 911 valere
731 858 781 910 tua
792 870 874 922 eausa
889 854 1007 923 primum

153 930 223 1005 volo,
236 934 296 984 tum
307 948 377 1000 mea,
390 932 429 986 mi
442 932 512 988 Tim.
549 931 626 985 Vale.

185 1058 235 1128 ¹15.
264 1058 428 1131 TULLIUS³
448 1059 493 1107 ET
510 1058 646 1118 CICERO,
666 1057 711 1108 ET
727 1057 757 1117 Q.
776 1057 806 1117 Q.
824 1057 951 1107 TIRONI

271 1144 533 1195 HUMANISSIMO
550 1146 595 1194 ET
612 1146 748 1195 OPTIMO
766 1146 791 1194 S.
805 1145 835 1194 P.
848 1145 881 1196 D.

411 1247 477 1305 (xvi.
491 1248 513 1294 5.
549 1259 575 1294 i.
588 1223 614 1293 n.
629 1257 651 1292 ο.
669 1243 735 1299 704.)

152 1331 227 1391 Vide
238 1335 341 1401 quanta
353 1333 390 1386 sit
401 1333 469 1386 inte
484 1332 612 1397 suavitas.
649 1332 726 1388 Duas
744 1332 825 1387 horas
841 1332 941 1402 Thyrsi
955 1332 1005 1388 fui-

152 1423 221 1462 mus.
257 1408 430 1462 Xenomenes
441 1408 540 1476 hospes
551 1411 611 1461 tam
626 1410 656 1461 te
672 1407 764 1476 diligit
775 1424 858 1475 qusm
870 1409 894 1462 si
904 1408 1006 1464 'vixerit

153 1486 270 1536 tecum.
288 1483 319 1535 Is
335 1482 426 1538 omnia
442 1483 581 1552 pollicitus
597 1486 642 1536 est
659 1499 730 1569 quse
747 1482 800 1537 tibi
818 1487 911 1538 essent
929 1500 1004 1553 opus,

144 1558 303 1613 nacturum
319 1562 393 1626 puto.
430 1557 500 1611 Mihi
515 1557 686 1627 placebam
665 1574 688 1610 si
705 1558 809 1612 firmior
824 1574 908 1626 esses,
926 1563 959 1614 ut
973 1562 1004 1614 te

153 1633 307 1688 Leucadem
337 1633 504 1702 deportaret,
528 1638 561 1689 ιιι
589 1633 628 1687 ibi
655 1636 685 1687 to
713 1633 793 1702 plane
822 1635 1003 1692 confirmares.

153 1710 270 1765 Videbis
286 1699 355 1781 quid
370 1711 460 1776 Ourio,
460 1709 545 1779 quid
561 1709 669 1779 Lysoni,
682 1709 751 1780 quid
765 1711 872 1765 medico
890 1711 1003 1781 placeat.

152 1787 287 1841 Volebam
299 1786 335 1840 ad
344 1790 373 1841 te
383 1773 534 1841 Marionem
543 1786 688 1841 remittere
688 1803 794 1855 ‚quem
803 1804 888 1856 quum
896 1788 1005 1841 melius-

151 1863 212 1917 cule
223 1864 275 1918 tibi
287 1867 367 1930 ιιιιι,
380 1863 417 1916 ed
429 1879 473 1917 me
485 1864 625 1917 mitteres:
637 1862 687 1916 sod
700 1863 817 1931 eogitari
828 1880 898 1917 unas
909 1863 1006 1919 literas

152 1939 305 2005 Marionem
323 1940 421 1994 afferre
438 1956 524 2009 ροισι,
537 1956 582 1993 me
600 1942 647 1993 aut
648 1955 692 1992 em
711 1938 820 1993 crebras
835 1942 1002 2008 exspeetere.

153 2016 260 2071 Poteris
280 2017 372 2085 igitur,
385 2020 414 2070 et
432 2015 523 2084 facies,
542 2016 630 2069 sime
651 2014 751 2083 diligis,
770 2019 803 2070 ut
823 2016 948 2084 quotidie
967 2016 1004 2069 sit

152 2093 271 2146 Acastus
294 2093 323 2145 in
345 2095 434 2161 portu.
470 2090 553 2144 Multi
577 2095 659 2146 erunt
683 2090 782 2160 quibus
804 2094 882 2145 reete
905 2091 1003 2145 literas

151 2168 219 2221 dare
241 2168 337 2236 possis,
356 2168 403 2236 qui
423 2167 460 2221 od
478 2184 523 2220 me
541 2166 661 2221 libenter
682 2167 830 2236 perierant.
867 2166 1004 2235 Equidem

152 2243 251 2311 Patras
269 2246 381 2297 euntem
393 2242 536 2296 'neminem
555 2244 783 2311 praetermittam.
818 2242 876 2310 Ego
896 2259 1004 2296 omnem

152 2323 229 2388 spem
252 2319 295 2373 tui
324 2318 472 2386 diligenter
500 2318 614 2371 curandi
638 2319 666 2371 iii
690 2318 772 2371 Curio
796 2317 890 2371 habeo
927 2317 1003 2371 Nihil

151 2399 246 2465 potest
260 2395 307 2447 illo
323 2394 384 2448 fieri
399 2394 550 2460 humanius,
562 2394 629 2447 nihil
645 2394 733 2446 nostri
748 2392 891 2446 amantius.
928 2392 962 2447 Ei
973 2397 1004 2448 te

152 2474 242 2525 totum
254 2470 341 2524 trade.
360 2469 435 2523 Malo
446 2472 476 2523 te
487 2468 580 2537 paullo
591 2472 654 2537 post
665 2468 802 2521 valentem
815 2484 897 2557 quam
910 2469 1004 2523 statim

153 2545 317 2600 imbecillum
333 2546 434 2600 videre.
469 2545 543 2599 Oura
558 2544 645 2613 igitur
660 2543 728 2597 nihil
745 2543 821 2597 aliud
837 2544 890 2598 nisi
905 2547 937 2598 ut
949 2544 1003 2615 [tii]

153 2622 257 2676 valeas:
280 2625 373 2676 eetera
391 2638 442 2689 ego
463 2620 631 2674 curaboE
633 2620 700 2675 tiam
720 2617 816 2688 atque
828 2619 913 2673 etiam
935 2619 1002 2675 vale.

154 2697 280 2752 Leueade
291 2697 465 2766 proficiscens
476 2712 525 2752 vin
539 2696 609 2751 Idus
621 2697 647 2749 N
649 2694 753 2750 oremb

155 2873 159 2883 .
202 2833 240 2881 16.
274 2832 432 2883 TULLIUS
449 2834 494 2881 ET
509 2832 638 2881 OIOERO
655 2832 700 2880 ET
717 2830 747 2891 O.
762 2829 793 2890 O.
808 2830 938 2881 TIRONI

450 2926 526 2975 SAL.
544 2925 651 2975 PLUR.
670 2925 702 2975 D.

417 3032 518 3094 (xiid
553 3041 653 3078 smne
673 3029 737 3091 7.o4)

153 3118 274 3177 Tertiam
284 3118 322 3175 ad
332 3121 362 3173 te
375 3118 445 3172 hane
458 3116 604 3196 epistolam
621 3110 717 3184 ¹scripsi
732 3115 831 3169 eodem
847 3112 901 3179 die,
914 3110 1003 3179 magis

152 3194 273 3251 instituti
288 3212 343 3256 mei
334 3193 472 3250 tenendi
483 3209 566 3249 eausa
577 3192 642 3263 quia
653 3194 751 3247 neotus
762 3205 837 3244 eram
850 3204 894 3242 οιιι
886 3185 1002 3274 darem
