2250 3450
359 151 617 200 narmonsnum
634 153 738 202 nrum
755 155 837 206 uuo
896 143 899 147 ’
977 162 1022 210 111

169 230 257 295 duae;
277 233 392 299 repente
411 229 550 284 Antonius
566 230 595 283 in
612 230 699 286 aciem
718 248 781 285 suas
800 219 892 301 copllss
911 233 947 288 de
966 236 1026 288 vico

77 351 83 360 .
169 306 302 380 produxit
312 309 342 361 et
357 306 416 360 sine
433 322 510 359 mora
526 306 671 361 concurrit.
708 306 801 360 Primo
817 308 857 361 ita
873 313 1025 377 pugnatum

170 385 215 436 est
225 385 257 435 ut
269 383 358 436 acrius
370 397 425 434 non
436 385 531 449 posset
547 398 582 435 ex
598 385 717 450 utraque
733 386 814 451 parte
830 385 959 452 pugnari:
973 385 1026 439 etsi

170 457 312 512 dexterius
324 473 415 524 cornu,
427 457 455 510 in
470 472 525 525 qno
539 473 591 526 ego
608 473 685 512 eram
702 474 764 511 eum
780 458 898 514 Martiae
912 460 1026 528 legionis

170 533 328 588 cohortibus
339 537 409 602 octo,
423 532 529 601 impetu
543 533 631 601 primo
645 533 788 602 fugaverat
800 535 934 603 legionem
950 551 1027 591 xxxv

172 610 295 678 Antonii,
306 614 339 664 ut
350 609 468 679 amplius
479 626 576 679 passus
588 609 776 680 [quingentos]
788 610 862 665 ultra
874 612 960 666 aciem
972 627 1027 680 que

170 686 230 741 loco
241 689 360 740 steterat
371 686 542 754 processerit.
574 687 674 754 Itaque
687 703 771 757 quum
784 688 892 756 equites
903 697 1027 742 nostrum

164 778 255 817 cornu
275 762 418 817 circumire
439 763 550 828 vellent,
570 763 694 832 recipere
715 779 759 818 me
783 764 861 833 coepi
886 769 916 818 et
938 765 1027 819 levem

171 842 339 894 armaturam
357 855 494 908 opponere
515 839 674 893 Maurorum
694 838 841 907 equitibus,
860 855 896 911 no
916 856 1027 894 aversos

170 919 279 970 nostros
299 916 524 984 aggrederentur.
560 915 677 969 Interim
698 914 778 969 video
801 930 847 970 me
870 931 930 970 esse
954 916 1028 970 inter

172 991 344 1044 Antonianos
358 991 563 1061 Antoniumque
577 995 641 1059 post
654 1007 698 1044 me
713 992 777 1045 esse
790 991 938 1060 aliquanto.
974 990 1029 1045 Re-

171 1069 255 1135 pente
276 1083 378 1136 equum
396 1066 497 1120 immisi
516 1067 553 1121 ad
572 1083 632 1121 eam
655 1066 789 1134 legionem
812 1067 933 1120 tironum
958 1084 1029 1137 quae

171 1142 302 1196 veniebat
321 1159 356 1197 er
374 1143 479 1212 castris,
495 1145 574 1197 scuto
588 1141 699 1211 rejecto.
732 1142 882 1197 Antoniani
899 1160 943 1198 me
957 1144 1029 1198 inse-

172 1218 235 1286 quig
258 1219 345 1273 nostri
365 1218 422 1289 pila
441 1218 578 1288 conjicere
597 1218 673 1272 velle.
710 1218 757 1272 Ita
777 1218 869 1273 nescio
893 1235 947 1288 quo
971 1219 1030 1274 fato

172 1309 233 1347 aum
245 1298 378 1362 servatus,
391 1295 539 1364 quodsum
551 1295 607 1348 cito
619 1310 636 1347 a
647 1294 750 1368 nostris
762 1295 895 1362 cognitus.

227 1370 261 1422 In
281 1371 341 1439 ipsa
354 1370 477 1434 Aemilia,
490 1369 537 1423 ubi
554 1369 652 1424 cohors
664 1369 789 1423 Caesaris
806 1370 945 1438 praetoria
962 1374 1030 1440 erat,

173 1443 221 1498 diu
233 1449 385 1512 pugnatum
394 1449 444 1498 cst.
473 1445 565 1499 Cornu
574 1445 727 1498 sinisterius
737 1445 811 1513 quod
821 1449 881 1499 erat
889 1446 1030 1512 infirmius,

172 1520 220 1574 uhi
245 1521 363 1575 Martiae
386 1520 501 1588 legionis
525 1522 596 1576 duae
620 1520 745 1574 cohortes
769 1524 849 1575 erant
873 1525 903 1576 et
933 1522 1030 1589 cohors

173 1596 318 1665 praetoria,
334 1596 433 1664 pedem
451 1595 555 1650 referre
573 1599 728 1668 coeperunt,
752 1597 826 1666 quod
849 1596 884 1650 ab
903 1597 1031 1666 equitatu

173 1672 388 1738 circumibautur
399 1687 454 1741 quo
466 1671 509 1727 rel
521 1672 669 1742 plurimum
682 1673 756 1745 uolet
770 1673 914 1729 Antonius.
940 1675 1029 1740 Quum

172 1764 266 1802 omnes
278 1765 308 1802 se
323 1748 491 1816 recepissent
506 1749 594 1803 nostri
610 1748 728 1817 ordines,
745 1750 868 1819 recipcre
883 1766 927 1804 me
943 1751 1033 1805 novis:

172 1824 258 1878 simus
269 1824 346 1893 coepi
358 1822 395 1877 ad
406 1819 504 1879 castra
535 1825 675 1879 Antonius
686 1828 827 1894 tamqnam
840 1826 928 1880 victor
939 1829 1030 1881 castra

172 1900 281 1970 putavit
292 1917 323 1954 se
334 1916 416 1969 posse
428 1916 527 1969 capere
534 1919 541 1965 3
559 1917 614 1969 quo
627 1917 712 1969 quum
725 1901 807 1969 venit,
822 1902 976 1972 complures
990 1902 1030 1957 ibi

172 1976 273 2042 amisit,
296 1992 348 2030 nec
370 1976 428 2044 egit
451 1976 610 2045 quidquam.
648 1976 756 2032 Audita
778 1994 809 2032 re
834 1978 944 2033 Hirtius
968 1995 1048 2045 cum,

174 2051 331 2106 cohortibus
349 2052 448 2120 viginti
471 2052 610 2107 veteranis
633 2052 762 2108 redeunti
786 2054 907 2107 Antonio
930 2055 959 2108 in
981 2072 1030 2109 sua

174 2130 264 2181 castra
281 2128 407 2194 occurrit,
425 2127 573 2196 copiasque
591 2126 651 2196 ejus
669 2144 763 2182 omnes
779 2128 890 2196 delevit,
909 2130 1030 2198 fugavit3
1116 2174 1117 2177 ,

175 2203 329 2272 eodemque
340 2204 407 2270 loco,
419 2203 467 2256 ubi
479 2207 540 2257 erat
550 2208 710 2272 pugnatum,
719 2204 757 2258 ad
770 2204 870 2259 Forum
881 2205 1029 2275 Gallorum,

176 2280 315 2334 Antonius
325 2295 387 2333 cum
399 2279 540 2347 equitibus
554 2278 622 2333 hora
636 2280 725 2333 noctis
739 2283 838 2347 quarta
853 2296 882 2333 se
898 2280 926 2333 in
941 2285 1031 2335 castra

175 2372 225 2409 sna
242 2355 279 2409 ad
299 2355 434 2409 Mutinam
453 2355 566 2423 recepit
603 2354 713 2408 Hirtius
732 2355 761 2408 in
780 2371 813 2409 ea
833 2358 924 2409 castra
946 2356 1031 2411 rediit

175 2431 249 2485 unde
261 2431 352 2484 Pansa
358 2430 471 2497 exierat,
480 2430 528 2484 ubi
537 2430 607 2484 duas
616 2430 737 2498 legiones
749 2431 900 2499 reliquerat
912 2448 983 2500 quae
995 2432 1031 2486 ab

176 2507 298 2562 Antonio
310 2509 389 2561 erant
400 2510 581 2576 oppugnatae.
611 2506 655 2561 Sic
661 2509 769 2576 partem
778 2506 911 2575 majorem
920 2524 1030 2562 suarum

175 2582 314 2651 copiarum
327 2583 464 2636 Antonius
478 2583 570 2637 amisit
584 2585 784 2637 veteranarum.
819 2582 845 2636 N
847 2599 879 2637 ec
893 2582 923 2636 id
939 2587 1031 2638 tarnen

176 2658 235 2713 sine
251 2658 345 2727 aliqua
357 2656 470 2723 jactura
487 2658 638 2713 cohortium
658 2658 858 2727 praetoriarum
875 2664 1030 2713 nostrarum

176 2736 206 2787 et
216 2733 332 2801 legionis
352 2732 471 2787 Martiae
488 2733 549 2787 fieri
571 2733 671 2803 potuit
708 2734 826 2802 Aquilae
850 2734 929 2804 duae,
953 2736 1032 2805 signa

176 2810 320 2878 sexaginta
340 2812 404 2863 suut
429 2810 517 2864 relata
536 2810 659 2864 Antonii.
703 2808 761 2863 Res
781 2810 851 2865 hene
877 2815 956 2879 gesta
981 2813 1031 2867 est.

177 2886 212 2940 A.
224 2886 250 2940 d.
263 2900 312 2939 nn
326 2884 465 2939 Kalendas
477 2884 574 2953 Maias,
587 2902 621 2940 ex
633 2886 738 2940 castris.

217 3008 256 3055 19.
290 3005 329 3055 Μ,
343 3004 470 3053 CICERO
482 3005 507 3053 S.
519 3005 552 3054 D.
566 3005 598 3054 D.
612 3002 730 3053 BRUTO
742 3002 819 3051 IMP.
833 3000 901 3052 COS.
914 3001 988 3052 DES.

441 3102 488 3162 (ιι,
503 3103 541 3149 12.
577 3114 603 3149 s.
616 3113 641 3149 u.
655 3113 677 3149 c.
696 3100 764 3161 711.)

177 3198 245 3255 'l'res
256 3215 311 3253 uno
323 3198 369 3253 die
380 3214 397 3251 a
408 3200 438 3252 te
449 3197 541 3265 accepi
556 3196 702 3263 epistolam
720 3211 801 3249 urnam
819 3192 929 3246 brevem
948 3207 1030 3260 quam
