2250 3450
325 165 585 215 EPISTOLARUM
602 167 706 215 LIBRI
722 167 807 218 DUO.
946 173 992 220 105

141 245 253 301 Servius
270 247 364 300 tamen
383 249 448 299 tuus
467 245 593 299 omnibus
614 246 715 314 officiis,
731 263 802 315 quae
818 247 860 300 illi
876 250 994 319 tempori

140 321 225 376 tribui
237 325 395 390 potuerimt,
409 321 559 375 declaravit
572 326 602 375 et
614 322 709 390 quanti
721 321 780 391 ipse
792 338 837 376 me
849 322 954 378 faceret
967 328 996 379 et

141 415 223 467 quani
240 414 319 450 suum
331 398 415 451 talem
427 413 494 464 erga
505 414 550 451 me
562 398 682 451 animum
695 398 747 452 tibi
759 401 870 466 gratum
885 404 999 466 putaret

139 475 218 540 fore;
241 474 320 542 cujus
336 474 423 527 officia
437 472 602 540 jucundiora
619 474 683 527 licet
701 491 782 544 saepe
801 474 869 527 mihi
889 475 998 544 fuerint,

140 568 289 620 numquam
304 554 398 604 tamen
414 549 543 617 gratiora.
579 549 627 603 Me
651 554 816 604 autemnon
841 551 928 604 oratio
949 555 996 608 tua

140 627 227 680 solum
239 630 268 681 et
280 627 396 680 societas
407 642 494 694 paene
503 625 683 695 aegritudinis
694 626 743 680 sed
754 627 837 680 etiam
850 629 998 684 auctoritas

140 704 300 758 consolatur.
338 703 429 770 Turpe
446 703 518 756 enim
535 718 596 755 esse
609 703 735 755 existimo
748 719 792 756 me
804 720 857 756 non
871 703 911 756 ita
924 704 997 759 ferre

140 796 231 833 casum
250 796 348 846 meum,
365 783 399 832 ut
416 782 448 832 tu
467 778 515 831 tali
535 778 668 846 sapientia
687 779 829 847 praeditus
852 780 996 835 ferendum

139 858 228 924 putas.
265 855 322 910 Sed
342 855 480 923 opprimor
500 854 640 907 interdum
662 857 692 908 et
710 855 756 908 vix
776 855 875 909 resisto
901 856 997 927 dolori,

140 932 215 1000 quod
231 949 264 987 ea
279 949 324 985 me
341 930 437 985 solatia
454 931 586 985 deficiunt
603 948 674 1001 quae
686 931 786 985 ceteris
800 928 914 1001 quorum
929 933 995 988 mihi

140 1008 264 1075 exempla
276 1025 398 1077 propono
409 1006 490 1060 simili
503 1007 531 1059 in
544 1008 652 1060 fortuna
664 1024 718 1061 non
731 1007 885 1062 defuerunt.
924 1010 995 1064 Nam

139 1087 171 1139 et
186 1085 216 1149 Q.
232 1084 377 1149 Maximus,
385 1084 438 1152 'qui
450 1083 540 1136 filium
557 1084 734 1150 consularem,
748 1085 854 1138 clarum
864 1085 953 1139 virum
966 1091 996 1142 et

139 1161 244 1228 magnis
267 1160 350 1214 rebus
373 1159 462 1228 gestis
486 1160 592 1225 amisit3
621 1164 651 1214 et
670 1161 699 1214 L.
727 1160 845 1229 Paullus,
868 1161 915 1228 qui
940 1162 994 1217 duo

139 1240 245 1304 septem
257 1235 369 1302 diebus;
386 1239 416 1290 et
427 1239 520 1290 vester
532 1235 633 1303 Gallus,
647 1239 676 1289 et
688 1235 726 1290 M.
740 1236 815 1302 Cato,
827 1237 875 1306 qui
889 1253 994 1292 summo

139 1312 255 1380 ingenio,
270 1330 376 1366 summa
392 1312 495 1366 virtute
511 1311 597 1364 filium
611 1312 806 1382 perdidit—iis
823 1313 994 1381 temporibus

138 1386 250 1442 fuenmt
265 1393 298 1442 ut
314 1405 409 1442 eorum
423 1388 527 1443 luctum
538 1389 660 1458 ipsorum
674 1388 795 1457 dignitas
808 1390 993 1444 consolaretur

139 1480 172 1518 ca
189 1481 270 1533 quam
289 1482 323 1518 ex
340 1481 372 1518 re
390 1464 498 1532 publica
520 1465 765 1533 consequebantur.
804 1465 874 1518 Mihi
892 1470 992 1535 auteur,

138 1541 244 1594 amissis
258 1541 426 1597 ornamentis
441 1541 476 1593 iis
492 1558 563 1608 quae
578 1541 638 1610 ipse
652 1558 847 1596 commemoras
867 1559 992 1611 quaeque
1038 1595 1041 1602 ,

138 1633 213 1670 eram
231 1617 358 1672 maximis
374 1616 515 1670 laboribus
532 1617 657 1686 adeptus,
675 1635 759 1671 unuin
776 1617 905 1672 manebat
924 1618 992 1673 illud

138 1692 265 1748 solatium
283 1693 358 1763 quod
382 1697 508 1764 ereptum
526 1697 577 1748 est.
613 1693 675 1748 Non
695 1693 842 1750 amicorum
867 1695 992 1766 negotiis,

137 1785 191 1824 non
199 1770 240 1824 rei
248 1771 571 1839 publimspromiratione
580 1769 802 1839 impediebantur
812 1772 991 1840 cogitationes

136 1862 229 1901 meae:
253 1848 321 1901 nihil
341 1848 370 1900 in
387 1848 447 1900 foro
472 1864 555 1916 agere
575 1847 694 1913 libebot;
721 1848 862 1916 adspicere
888 1849 990 1904 curiam

136 1938 190 1976 non
206 1926 345 1991 poteram3
363 1923 562 1991 existimabam,
577 1924 606 1976 id
621 1923 695 1991 quod
711 1928 778 1991 erat,
793 1941 886 1978 omnes
903 1929 989 1989 meet

136 1997 289 2053 industriae
309 2016 388 2053 meae
411 1998 518 2052 fmctus
540 2004 570 2053 et
589 2000 715 2054 fortunae
735 2000 896 2070 perdidisse.
934 2002 990 2056 Sed

137 2088 222 2141 quum
245 2075 393 2143 cogitarem
412 2074 479 2129 haec
499 2075 567 2128 mihi
586 2079 677 2129 tecum
697 2080 726 2131 et
745 2093 806 2130 cum
825 2076 989 2145 quibusdam

137 2165 197 2203 esse
214 2150 373 2216 eommunia,
385 2154 414 2204 et
430 2167 515 2220 quum
531 2151 687 2219 frangerem
697 2152 757 2220 jam
774 2152 834 2221 ipse
848 2169 892 2206 me
911 2170 989 2222 coge-
1072 2163 1084 2184 ⁰

136 2240 250 2294 remque
265 2226 313 2279 issa
325 2227 398 2280 serre
415 2226 572 2293 toleranter,
584 2226 719 2281 habebam
735 2244 789 2296 quo
806 2229 987 2297 confugeram,

136 2300 184 2354 ubi
196 2302 422 2373 conquiescerem,
434 2303 515 2371 cujus
524 2303 553 2355 in
566 2319 690 2357 sermone
704 2308 734 2357 et
745 2304 881 2359 suauitate
893 2321 989 2359 omnes

136 2393 215 2431 curas
242 2378 403 2448 doloresque
428 2378 600 2447 deponerem.
636 2378 717 2434 Nunc
740 2382 832 2434 autem
856 2381 907 2435 hoc
931 2383 988 2435 tam

135 2453 213 2521 grari
230 2454 341 2509 vulnere
359 2454 442 2509 etiam
459 2456 513 2524 illa,
532 2472 604 2523 quae
621 2458 796 2511 consanuisse
816 2457 988 2527 videbantur,

135 2529 339 2586 recrudescunt.
375 2532 401 2585 N
403 2548 437 2585 on
449 2532 528 2597 enim,
541 2536 573 2586 ut
585 2536 643 2587 tum
655 2550 702 2587 me
712 2550 730 2587 a
740 2550 770 2587 re
782 2531 891 2601 publiea
902 2550 988 2589 maes-

136 2608 194 2658 tum
207 2606 304 2660 domus
316 2607 469 2675 excipiebat
481 2625 551 2678 quac
563 2608 675 2677 levaret,
689 2609 728 2663 sic
739 2626 810 2663 nunc
823 2610 904 2665 domo
916 2626 989 2664 mae

135 2698 199 2735 rens
211 2682 248 2735 ad
258 2699 318 2737 rem
328 2683 466 2753 publicam
474 2684 620 2753 confugere
629 2703 740 2755 possum
752 2690 784 2739 ut
796 2686 824 2739 in
838 2684 898 2753 ejus
909 2685 990 2741 bonis

135 2758 314 2827 acquiescam
351 2761 451 2830 Itaque
467 2765 498 2815 ct
513 2761 594 2815 domo
610 2762 706 2816 absum
724 2766 753 2816 et
766 2762 833 2828 foro,
848 2761 923 2831 quod
938 2778 991 2817 nee

135 2850 198 2887 eum
211 2834 333 2889 dolorem
345 2854 428 2907 quem
439 2854 457 2892 a
467 2854 500 2891 re
510 2837 621 2907 publica
631 2840 707 2907 capio
720 2837 817 2891 domus
825 2836 886 2905 jam
895 2853 989 2890 conso-

135 2908 187 2962 lari
200 2914 300 2979 potest,
312 2929 362 2966 nec
378 2913 557 2967 domesticam
569 2930 616 2967 ros
626 2914 741 2983 publica.
780 2914 839 2979 Quo
855 2912 943 2981 magis
959 2915 991 2967 te

135 2988 272 3055 exspecto,
295 2990 380 3055 teque
402 2989 497 3042 videre
521 3006 603 3058 quam
626 2989 746 3059 primum
770 2990 855 3057 cupio.
897 2988 991 3057 Major

135 3059 204 3113 mihi
215 3060 315 3116 levatio
324 3062 416 3116 afferri
426 3064 502 3117 nulla
511 3068 605 3133 potest
616 3064 699 3135 quam
711 3064 865 3134 conjunctio
875 3079 989 3117 consuc-

136 3136 242 3191 tudinis
253 3154 463 3208 sermonumque
474 3143 645 3201 nostrorun1;
663 3155 829 3208 quamquam
842 3138 988 3208 sperabam

136 3213 217 3265 tuum
244 3212 400 3281 adventum,
424 3214 464 3269 sic
485 3214 558 3269 enim
582 3214 736 3282 audiebam,
760 3214 985 3286 appropinquare

165 3322 178 3355 l
