2250 3450
382 125 548 173 uramus.
583 88 661 172 cnr.
673 125 754 173 x111.
767 125 845 173 xlv.
1007 131 1039 176 4³

185 206 268 262 beate
278 205 425 262 vivendum
437 202 614 258 securitatem
627 219 682 272 qua
690 203 744 256 irai
756 220 811 258 non
823 204 912 273 possit
923 204 1038 276 animus,

186 282 209 335 si
232 286 374 352 tamquam
394 281 530 351 parturiat
553 297 624 334 unus
646 297 697 347 pro
720 280 852 350 pluribus.
891 288 933 338 46.
959 280 1038 338 Alios

186 362 278 412 autem
309 358 400 412 dicere
427 357 505 411 aiunt
525 356 613 411 multo
634 357 718 410 otiam
743 356 925 426 inhumanius,
956 377 1038 428 quem

185 434 274 488 locum
295 433 417 488 breviter
439 433 589 503 perstrinxi
612 433 702 502 paullo
721 437 793 498 ante,
808 435 939 503 praesidii
959 437 1038 505 adju-

185 511 326 579 mentique
339 527 426 578 causa,
440 527 492 564 non
505 509 710 564 benevolentiae
725 527 814 579 neque
831 512 962 579 caritatis,
973 514 1038 566 ami-

185 585 263 639 citias
271 602 330 640 esse
342 587 524 656 expetendas3
536 583 630 655 itaque
638 590 668 640 ut
677 587 793 656 quisque
802 587 942 641 minimum
955 590 1037 643 firmi-

185 662 252 716 tatis
264 662 365 716 habeat
376 663 572 732 minimumque
585 663 691 730 virium,
703 664 743 716 ita
755 664 889 718 amicitias
906 670 1037 734 appetere

185 739 318 794 maxime:
340 757 374 794 ex
386 756 419 794 eo
437 741 498 793 fieri
514 743 546 794 ut
560 740 736 793 mulierculae
752 742 839 808 magis
856 742 1036 795 amicitiarum

184 815 321 882 praesidia
333 812 466 885 quaerant
479 815 559 885 quam
573 816 674 883 viriet
690 816 787 884 inopes
805 834 886 885 quam
906 818 1036 885 opulenti,

186 893 214 944 et
226 891 375 945 calamitosi
388 893 501 960 quamii
520 893 568 962 qui
584 897 718 962 putantur
737 893 818 947 beati.
854 897 896 950 47.
917 894 940 946 0
961 911 1038 963 prae-

185 966 285 1020 claram
301 969 476 1036 sapientiam!
509 970 600 1024 Solem
612 970 684 1023 enim
696 987 712 1024 e
724 970 826 1023 mundo
837 971 934 1024 tollere
945 971 1037 1023 viden-

185 1045 232 1096 tur
250 1044 298 1112 qui
317 1044 463 1098 amicitiam
480 1046 565 1100 evita
584 1046 692 1114 tollunt,
711 1063 765 1114 qua
788 1047 855 1100 nihil
876 1064 893 1101 a
916 1046 969 1099 diis
989 1047 1038 1100 im-

161 1120 345 1174 mortalibus
366 1121 462 1175 melius
492 1121 632 1190 habemus,
663 1123 730 1175 nihil
756 1122 912 1190 jucundius.
960 1122 1036 1186 Quae

185 1197 229 1248 est
252 1196 323 1249 enim
342 1197 396 1250 ista
416 1197 567 1251 securitasi
603 1198 699 1265 Specie
724 1198 836 1266 quidem
856 1197 965 1266 blanda,
987 1199 1037 1252 sed

185 1269 285 1340 reapse
300 1273 392 1326 multis
411 1273 477 1326 locis
493 1273 670 1342 repudianda
706 1273 805 1342 Neque
825 1274 898 1327 enim
916 1277 960 1328 est
976 1291 1037 1327 con-

186 1350 344 1401 sentaneum
356 1349 439 1401 ullam
451 1349 594 1401 honestam
606 1365 664 1401 rem
677 1350 895 1418 actionemque
905 1350 1036 1404 sollicitus

186 1422 230 1490 sis,
247 1427 358 1476 autnon
378 1424 516 1491 suscipere
534 1428 583 1477 aut
602 1428 756 1492 susceptam
775 1425 920 1495 deponere.
956 1426 1036 1491 Quod

186 1497 210 1551 si
221 1515 313 1551 cruam
324 1499 450 1566 fugimus,
460 1499 547 1553 virtus
562 1499 693 1567 fugienda
708 1505 759 1567 est,
779 1519 849 1570 quae
864 1518 974 1556 necesse
993 1506 1036 1556 cst

186 1591 248 1628 cum
264 1575 355 1643 aliqua
373 1592 438 1629 cura
461 1592 506 1629 res
531 1576 581 1629 sibi
606 1576 756 1631 contrarias
776 1582 935 1646 aspemetur
951 1581 1035 1647 atque

182 1649 284 1718 oderit,
297 1654 329 1704 ut
342 1651 451 1704 bonitas
472 1651 613 1719 malitiam,
632 1653 816 1721 temperantia
834 1653 984 1721 libidinem,
995 1654 1035 1722 ig-

172 1728 292 1781 naviam
304 1727 443 1782 fortitudo.
480 1728 581 1798 Itaque
600 1729 694 1786 videas
716 1730 798 1784 rebus
816 1730 928 1799 injustis
944 1729 1035 1798 justos

185 1803 302 1857 maxime
323 1805 423 1871 dolere,
443 1804 599 1859 imbellibus
617 1806 711 1873 fortes,
730 1806 871 1874 flagitiosis
889 1807 1035 1860 modestos.

185 1878 259 1949 Ergo
270 1880 320 1934 hoc
331 1881 472 1949 proprium
485 1884 528 1935 est
546 1882 628 1934 animi
645 1881 716 1935 bene
732 1883 875 1936 constituti
890 1887 919 1937 et
937 1883 1035 1936 laetari

184 1955 262 2009 bonis
281 1957 364 2011 rebus
383 1960 412 2010 et
431 1956 524 2011 dolere
543 1957 695 2012 contrariis.
740 1964 784 2013 48.
811 1957 992 2023 Quamobrem
1012 1959 1035 2012 si

185 2032 259 2085 cadit
270 2032 298 2085 in
311 2033 464 2101 sapientem
476 2032 559 2086 animi
579 2034 664 2097 dolor,
676 2034 724 2102 qui
742 2035 864 2102 proiecto
885 2034 967 2100 cadit,
983 2033 1036 2087 nisi

185 2124 220 2161 ex
244 2107 303 2175 ejus
324 2109 414 2161 animo
439 2108 619 2177 exstirpatam
639 2108 838 2163 humanitatem
861 2110 1035 2176 arbitramur,

186 2200 256 2252 quae
273 2188 413 2238 causaest
433 2201 482 2237 cur
501 2184 649 2237 amicitiam
667 2184 792 2237 funditus
803 2185 931 2239 tollamus
943 2201 959 2237 e
970 2185 1035 2251 vita,

186 2276 222 2313 ne
234 2259 338 2328 aliquas
356 2261 470 2329 propter
492 2276 553 2313 eam
575 2260 752 2328 suscipiamus
768 2261 927 2313 molestiasi
963 2260 1036 2324 Quid

186 2334 259 2389 enim
271 2334 387 2388 interest
405 2339 480 2389 motu
492 2334 575 2387 animi
588 2334 703 2401 sublato,
715 2351 769 2387 non
785 2334 846 2387 dico
865 2335 938 2389 inter
952 2336 1036 2389 homi-

186 2426 249 2464 nem
272 2414 301 2463 et
321 2410 462 2477 pecudem,
487 2409 537 2462 sed
560 2410 634 2461 inter
656 2408 793 2463 hominem
817 2413 846 2463 et
869 2426 964 2463 saxum
989 2416 1037 2465 aut

186 2489 313 2539 truncum
334 2488 383 2537 aut
406 2484 514 2552 quidvis
533 2484 642 2551 generis
668 2484 811 2552 ejusdemi
847 2486 945 2554 Neque
965 2488 1036 2540 enim

188 2564 251 2615 sunt
271 2560 317 2614 isti
330 2560 459 2613 audiendi
469 2560 516 2627 qui
527 2560 658 2613 virtutem
671 2560 768 2614 duram
780 2564 808 2615 et
825 2562 902 2629 quasi
920 2563 1037 2617 ferream

188 2653 247 2690 esse
260 2635 397 2704 quandam
416 2635 518 2703 volunt,
531 2651 602 2704 quae
613 2636 725 2704 quidem
737 2641 781 2691 est
793 2655 877 2707 quum
896 2639 989 2692 multis
1008 2640 1036 2691 in

187 2712 269 2767 rebus
294 2714 353 2765 tum
377 2711 406 2764 in
424 2710 543 2765 amicitia
561 2715 658 2767 tenera
677 2717 760 2782 atque
779 2714 940 2782 tractabilis,
957 2718 990 2769 ut
1008 2720 1037 2768 ct

187 2787 266 2841 bonis
290 2788 369 2841 amici
388 2788 466 2856 quasi
490 2788 659 2843 diffundatur
682 2794 712 2843 et
732 2790 910 2844 incommodis
933 2794 1062 2844 contra

187 2863 276 2917 hatur.
313 2863 495 2927 Quamobrem
519 2882 605 2933 angor
626 2865 680 2919 iste
703 2866 750 2933 qui
773 2882 823 2933 pro
846 2866 932 2920 amico
956 2884 1037 2935 saepe

188 2939 335 3007 capiendus
355 2943 470 2994 estnon
490 2944 599 2995 tantum
617 2942 690 2995 valet
710 2943 743 2994 ut
765 2940 844 2994 tollat
861 2959 876 2995 e
897 2943 954 2995 vita
972 2943 1038 2994 ami-

188 3015 288 3083 citiam,
300 3033 353 3070 non
365 3015 426 3085 plus
437 3033 518 3085 quam
530 3020 563 3071 ut
578 3017 704 3085 virtutes,
718 3016 783 3086 quia
801 3017 943 3069 nonnullas
958 3032 1038 3069 curas

79 3103 80 3106 ’
189 3095 219 3146 et
229 3092 368 3146 molestias
380 3092 504 3161 afferrmt,
519 3093 705 3161 repudientur.

241 3168 319 3223 XIV.
356 3168 447 3232 Quum
465 3173 557 3223 autem
574 3168 718 3224 contrahat
735 3166 892 3235 amicitiam,
904 3170 937 3221 ut
955 3181 1039 3237 supra

1121 3167 1123 3214 l

1044 3218 1123 3409 A
