2250 3450
267 582 323 658 M.
348 577 541 656 TULLII
571 575 869 653 CICERONIS

286 763 595 824 nrrsronnnum
616 762 737 820 arear
758 761 857 822 nuo,

196 695 202 706 ο

514 989 588 1043 LIB.
606 988 630 1042 1.

253 1215 275 1260 l.
307 1208 466 1260 TULLIUS
481 1208 689 1257 TERENTIAE
706 1209 800 1282 SUAE
818 1209 844 1258 S.
857 1209 889 1259 D.

407 1310 473 1372 (xrv.
486 1310 525 1356 21.
559 1321 586 1356 r.
599 1313 660 1355 u'o.
673 1306 740 1368 704.)

146 1416 167 1456 s.
184 1413 212 1454 v.
228 1413 255 1452 Β.
271 1412 297 1450 n.
315 1415 341 1451 v.
377 1395 421 1448 Da
438 1411 550 1462 operam
566 1396 599 1447 ut
614 1394 792 1448 convalescas.
828 1395 909 1460 Quod
928 1413 997 1466 opus

146 1475 208 1542 erit,
219 1477 252 1528 ut
268 1489 314 1526 res
325 1474 490 1539 tempusque
504 1469 634 1538 postulat,
647 1469 792 1538 provideas
809 1475 894 1540 atque
912 1472 996 1526 admi-

145 1552 263 1617 nistres;
281 1552 311 1602 et
331 1547 368 1600 ad
386 1562 431 1600 me
449 1545 486 1600 de
500 1544 627 1599 omnibus
640 1544 722 1598 rebus
738 1562 820 1614 quam
838 1547 996 1616 saepissime

145 1627 241 1680 literas
252 1625 353 1679 mittas.
389 1621 468 1676 Vale.
575 1635 576 1640 ¹

264 1766 289 1814 2.
322 1760 481 1812 TULLIUS
496 1758 705 1808 TERENTIAE
722 1759 817 1809 SUAE
833 1759 859 1809 S.

413 1862 478 1925 (ην.
491 1861 514 1909 8.
550 1872 651 1911 nuo.
670 1860 736 1921 704.)

144 1968 168 2008 s.
184 1968 210 2007 v.
229 1967 254 2005 a.
272 1965 298 2005 a.
315 1965 340 2004 n.
358 1965 383 2002 v.
419 1943 614 2003 ValetudInem
634 1952 711 2002 tuam
731 1949 813 2003 velim
833 1965 913 2004 cures
936 1950 997 2005 dili-

144 2028 311 2095 gentissime.
345 2025 417 2078 Nam
429 2024 496 2077 mihi
508 2027 536 2077 et
549 2023 682 2093 scriptum
694 2027 724 2078 et
737 2026 895 2080 nunciatum
910 2029 954 2080 est
967 2030 996 2081 te

143 2104 172 2157 in
183 2103 282 2157 febrim
295 2100 386 2154 subito
395 2099 531 2153 incidisse.
568 2099 647 2163 Quod
660 2099 787 2154 celeriter
797 2118 842 2155 mc
853 2101 945 2155 fecisti
961 2101 997 2156 de
1059 2100 1060 2103 ’

144 2179 270 2236 Caesaris
291 2177 378 2231 litoris
396 2176 549 2243 certiorem,
568 2176 657 2229 seolsti
680 2176 751 2230 mihi
770 2180 887 2245 gratum.
923 2178 996 2232 Item

143 2256 265 2325 posthac,
278 2254 301 2307 si
317 2252 386 2321 quid
401 2266 469 2319 opus
482 2249 544 2316 erit,
557 2248 581 2303 si
597 2249 665 2318 quid
682 2250 814 2305 acciderit
829 2253 900 2319 nori,
913 2253 997 2307 facies

144 2330 278 2385 utsciann
314 2328 388 2382 Oura
397 2324 541 2379 ntvaleas.
576 2325 653 2380 Vale.
684 2325 718 2380 D.
729 2340 783 2380 1111.
795 2328 889 2381 Nonas
901 2323 982 2382 Jun'

152 2464 155 2467 ’
258 2471 282 2518 3.
314 2464 473 2516 TULLIUS
489 2464 696 2513 TERENTIAE
714 2465 808 2515 SUAE
825 2467 850 2516 S.
863 2466 897 2516 D.

401 2554 466 2615 (xrv.
481 2554 520 2601 12.
555 2564 655 2602 nuc.
676 2554 741 2617 706.)

146 2645 227 2713 Quod
246 2660 296 2698 nos
313 2642 341 2695 in
363 2640 473 2695 Italiam
492 2639 581 2694 salvos
599 2640 706 2696 venisse
729 2643 842 2712 gaudes,
861 2649 997 2714 perpetuo

144 2721 265 2791 gaudeas
277 2718 366 2773 velim.
395 2717 452 2773 Sed
463 2716 620 2786 perturbati
634 2716 727 2772 dolore
740 2719 823 2772 animi
835 2721 997 2790 magnisque

145 2797 253 2867 injuriis
269 2798 362 2850 metuo
377 2810 413 2848 ne
428 2794 458 2848 id
474 2794 578 2848 consilii
595 2795 747 2865 ceperimus
764 2795 840 2865 quod
851 2799 906 2850 non
917 2797 997 2851 facile

145 2875 282 2944 explicare
293 2872 434 2942 possimus
458 2872 549 2937 Quare
561 2875 694 2943 quantum
706 2875 788 2941 potes
796 2872 905 2941 adjura.
924 2873 998 2937 Quid

145 2955 239 3006 autem
249 2949 338 3020 possis
349 2949 415 3002 mihi
427 2948 456 3002 in
468 2952 590 3003 mentem
601 2966 655 3005 non
669 2951 751 3005 venit.
788 2950 822 3003 In
834 2950 906 3003 viam
923 2948 997 3018 quod

145 3031 175 3083 te
187 3028 236 3083 des
247 3029 298 3083 hoe
309 3030 435 3097 tempore
446 3026 515 3081 nihil
527 3030 586 3082 eet:
606 3030 634 3081 et
646 3027 758 3096 longum
776 3030 820 3080 est
834 3026 889 3079 iter
900 3027 930 3078 et
943 3040 997 3077 non

144 3108 253 3161 tutum:
271 3106 300 3158 et
320 3120 375 3157 non
394 3103 474 3158 rideo
493 3103 561 3173 quid
580 3103 711 3173 prodesse
730 3101 819 3171 possis
837 3101 861 3155 si
882 3099 998 3156 veneris.

147 3179 224 3235 Vale.
261 3180 296 3235 D.
306 3179 379 3249 prid.
392 3172 419 3234 N
420 3196 493 3234 onas.
505 3178 533 3235 N
534 3178 640 3236 oremb.
652 3176 807 3234 Brimdisio.

1053 3332 1121 3407 Δ
