2250 3450
276 172 366 222 CATO
384 171 518 220 MAIOR.
553 164 632 220 OAP.
649 168 744 220 XVII.
761 170 871 221 XVIII.
969 172 1000 223 21

102 319 103 323 ἵ
146 249 276 311 laudibus
287 251 408 306 omnium
421 258 494 305 esset
505 251 579 305 fama
590 254 772 305 consentiens.
808 251 896 315 Quem
911 252 1001 307 uirum

147 348 236 401 nuper
256 330 285 384 P.
298 329 427 382 Crassum
446 327 607 382 Pontificem
627 327 788 394 Maximum,
806 344 887 397 quem
906 336 1002 399 postea

146 410 184 464 M.
194 406 329 476 Lepidum
338 405 435 458 eodem
444 404 599 458 sacerdotio
607 404 765 472 praeditum
773 405 905 460 vidimus!
929 408 1002 472 Quid

146 485 181 539 de
195 483 291 537 Paullo
303 484 353 536 aut
368 480 499 534 Africano
512 480 617 550 loquar,
629 485 678 535 aut
688 484 721 535 ut
728 480 789 550 jam
800 486 864 536 ante
877 483 912 538 de
925 484 1002 538 hlax-

146 562 217 614 imoi
236 575 352 628 quorum
364 574 419 610 nou
432 557 461 610 iu
475 559 613 612 sententia
625 557 718 623 solum,
730 558 781 612 sed
796 560 880 613 etiam
891 561 919 613 in
931 565 1001 616 nutu

147 635 285 690 residebat
306 635 463 688 auctoritas.
501 634 598 688 Habet
616 638 750 703 senectus,
771 636 903 690 honorata
922 654 1002 706 prae·

147 713 250 780 sertim,
259 715 367 766 tantam
381 710 574 765 auctoritatem
582 713 615 764 ut
627 726 660 764 ea
670 710 758 779 pluris
769 711 807 764 sit
816 728 898 780 quam
907 729 1001 768 omnes

148 788 351 843 adolescentiae
364 787 527 856 voluptates.

200 864 314 919 XVIII.
345 869 385 918 62.
411 863 466 917 Sed
484 863 512 916 ln
531 863 605 917 cumi
619 863 741 918 oratione
759 869 926 919 mementote
940 881 1001 920 eam

93 1011 95 1016 Ι
147 959 193 996 me
205 943 373 996 senectutem
389 938 503 993 laudare
516 955 587 1008 quae
601 939 787 1008 fundamentis
800 940 1001 997 adolescentiae

148 1019 297 1072 consiltuta
323 1016 366 1070 sib.
404 1016 446 1068 Ex
470 1032 524 1084 que
544 1015 660 1068 efficitur
683 1015 712 1068 id
732 1016 806 1083 quod
830 1033 880 1085 ego
903 1033 1002 1086 magno

149 1094 286 1162 quondam
306 1109 367 1146 cum
385 1108 497 1146 assensu
515 1091 635 1144 omnium
654 1091 719 1158 dixi,
738 1091 869 1146 Miseram
884 1110 944 1150 esse
959 1110 1002 1148 se·

149 1174 287 1225 nectutem
303 1187 373 1239 quae
389 1187 417 1223 sc
437 1168 559 1223 oratione
576 1166 745 1222 defenderet.
782 1169 844 1222 Non
861 1169 928 1236 cani,
946 1186 1001 1223 non

150 1263 233 1314 rugae
251 1249 364 1314 repente
383 1245 577 1298 auctoritatem
595 1244 718 1314 arripere
735 1249 864 1314 possunt;
888 1246 937 1298 sed
956 1246 1002 1300 ho-

151 1325 229 1376 nesto
247 1326 308 1375 acta
326 1320 450 1390 superior
468 1323 543 1373 aetas
561 1319 666 1372 fructus
684 1320 758 1389 capit
772 1321 942 1375 auctoritatis
956 1339 1002 1375 ex-

149 1401 259 1452 tremos.
304 1403 345 1451 63.
376 1397 454 1450 Haec
478 1396 550 1449 euim
575 1397 635 1465 ipsa
648 1391 722 1449 'sunt
744 1397 913 1450 honorabilia
931 1415 1002 1466 quae

149 1473 278 1527 videntur
291 1472 363 1526 levia
377 1475 460 1540 atque
473 1472 632 1534 communia,
648 1470 769 1539 salutari,
783 1473 884 1542 appeti,
897 1473 1001 1543 decedi,

149 1549 264 1616 assurgi,
277 1547 385 1616 deduci,
391 1547 503 1616 «reduci,
515 1545 634 1611 consuli;
652 1562 725 1616 quae
738 1550 767 1602 et
778 1547 853 1617 apud
866 1565 916 1607 nos
930 1553 959 1603 et
972 1549 1001 1603 in

149 1624 210 1678 aliis
225 1623 390 1692 civitatibus,
403 1627 437 1677 ut
450 1640 576 1692 quaeque
587 1623 690 1693 optime
705 1628 818 1690 morata,
833 1625 873 1678 ite
888 1625 998 1694 diligen·

49 1705 51 1710 '
149 1701 255 1756 tissime
267 1699 455 1755 observantur.
479 1699 651 1770 Lysandrum
663 1699 917 1771 Lacedaemonium,
923 1701 1002 1771 cujus

149 1779 230 1832 modo
255 1778 422 1832 mentionem
445 1778 504 1844 feci,
526 1776 618 1831 dicere
637 1777 716 1831 aiunt
734 1778 844 1832 solitum
865 1779 1001 1842 Lacedae

150 1870 256 1909 monem
269 1871 330 1910 esse
341 1854 563 1908 honestissimum
577 1853 743 1908 domicilium
756 1856 919 1909 senectutis:
938 1872 1001 1909 nus-

150 1948 231 1999 quam
244 1932 316 1985 enim'
328 1934 436 1985 tantum
451 1927 586 1983 tribuitur
599 1929 691 1997 aetati,
704 1946 838 1999 nusquam
853 1934 896 1985 est
910 1948 1001 1985 senec-

150 2010 194 2061 tus
213 2008 377 2063 honoratior.
416 2005 592 2068 Quinetiam
616 2006 763 2061 memoriae
786 2007 925 2076 proditum
950 2010 1000 2074 est,

150 2100 234 2153 quum
250 2083 369 2139 Athenis
383 2081 455 2136 ludis
470 2082 584 2150 quidam
603 2083 632 2136 in
648 2084 788 2137 theatrum
805 2083 919 2151 grandis
934 2086 1001 2136 natu

100 2212 102 2219 ,
151 2160 275 2225 venisset,
290 2160 319 2213 in
330 2174 570 2227 magno-consessu
586 2158 674 2212 lecum
689 2176 823 2227 nusquam
837 2160 863 2212 ei
877 2158 973 2213 datum
984 2175 1002 2211 a

149 2236 205 2289 suis
214 2236 333 2301 civibus;
351 2252 435 2305 quum
445 2239 537 2289 autem
550 2234 587 2288 ad
600 2235 1001 2296 Lacedaemoniosaccessisset.

149 2312 201 2387 qui
214 2311 297 2381 legati
317 2328 401 2381 quum
420 2313 512 2365 essent
529 2313 606 2364 certo
623 2309 653 2361 in
668 2309 727 2362 leco
739 2311 925 2375 consederant,
939 2327 1002 2364 con-

149 2389 301 2442 surrexisse
314 2402 407 2441 0mncs
420 2390 448 2440 et
461 2402 554 2441 senem
567 2384 665 2455 [illum]
677 2400 780 2440 sessum
792 2387 937 2455 recepisse.
961 2391 1002 2440 64.

150 2463 255 2527 Quibus
268 2474 353 2532 quum
365 2479 382 2515 a
393 2465 490 2516 cuncto
503 2477 630 2515 consessu
643 2461 755 2530 plausus
769 2468 843 2515 esset
857 2460 1001 2529 multiplex

150 2539 238 2606 datus,
258 2538 360 2591 dixisse
378 2554 413 2591 ex
431 2538 466 2589 iis
481 2536 627 2605 quendam,
643 2537 828 2591 Athenienses
845 2536 915 2589 scire
930 2552 1002 2604 quae

150 2618 225 2668 reeta
237 2616 337 2682 essent,
350 2613 400 2667 sed
415 2612 505 2666 facere
520 2612 599 2666 nolle.
635 2612 725 2672 Multa
740 2613 768 2665 in
782 2615 876 2666 nostro
888 2611 1002 2680 collegio

149 2691 297 2759 praeclara,
319 2688 369 2744 sed
387 2688 438 2743 hoc
457 2689 493 2742 de
512 2705 566 2757 quo
586 2690 692 2758 agimus
707 2690 736 2742 in
753 2688 856 2759 primis,
871 2688 951 2758 qued,
968 2692 1002 2743 ut

150 2768 266 2836 quisquc
291 2769 383 2821 aetate
408 2766 555 2834 antecedit,
579 2766 620 2820 ita
644 2767 796 2821 sententiae
818 2765 1002 2835 principatum

148 2846 226 2898 tenet
233 2864 240 2909 ;
259 2861 349 2913 neque
364 2843 450 2897 solum
462 2842 565 2897 honore
574 2841 799 2897 antecedentibus
811 2842 861 2896 sed
873 2842 907 2896 iis
918 2842 1002 2896 etiam

149 2920 196 2989 qui
209 2936 271 2973 cum
281 2920 398 2989 imperio
410 2923 475 2973 suut
491 2919 611 2986 majores
622 2923 690 2973 natu
703 2935 821 2987 augures
835 2921 1002 2987 anteponun-

149 3000 201 3050 tur.
240 2997 316 3061 Quae
334 3000 398 3050 sunt
414 2996 500 3065 igitur
510 2996 666 3064 voluptates
680 2996 802 3065 corporis
813 3011 875 3049 cum
887 2992 1003 3047 auctori-

148 3073 215 3126 tatis
231 3072 361 3141 praemiis
378 3072 594 3141 comparandae?
616 3071 716 3140 quibus
734 3072 781 3140 qui
799 3068 942 3139 splendide
959 3066 1002 3118 usi

149 3153 221 3217 sunt,
244 3150 266 3203 ii
285 3150 352 3203 mihi
371 3150 501 3203 videntur
523 3148 644 3202 fabulam
663 3149 764 3202 aetatis
785 3143 929 3215 peregisse,
952 3157 1003 3193 uec

68 3269 71 3276 .
147 3229 288 3293 tamquam
309 3225 484 3281 inexercitati
504 3225 653 3280 histriones
671 3224 700 3277 in
720 3226 844 3277 extremo
865 3219 929 3271 actu
947 3230 1004 3269 cor-

190 3304 203 3347 3
