2250 3450
112 141 146 191 so
300 186 304 192 .
329 111 382 193 u.
400 143 529 195 runnu
544 145 734 196 cronuorus

111 219 243 277 diffidere.
265 221 321 278 Sed
332 225 426 278 tamen
436 225 471 279 iis
480 225 570 279 literis
579 241 647 293 quas
655 226 780 294 proxime
791 228 857 284 dedi
869 233 964 298 putavi
1043 248 1047 254 ’

111 297 316 358 essehominem
325 300 557 355 commonendum.
586 301 689 356 Idfeci.
717 303 791 368 Quid
801 306 964 372 profecerim

110 374 195 428 facias
209 375 348 429 mavelim
369 377 525 446 certiorem,
546 381 576 431 et
592 378 672 432 simul
691 379 728 432 do
745 381 805 433 toto
823 385 898 435 statu
914 385 964 436 tuo

111 450 283 518 consiliisque
295 451 427 505 omnibus.
465 453 541 507 Scire
553 454 626 507 enim
638 455 720 522 cupio
732 455 799 524 quid
810 473 883 525 agas,
897 457 964 526 quid

112 529 264 596 exspectes,
277 543 359 594 quam
376 527 488 596 longum
503 529 587 583 istum
600 532 679 584 tuum
695 531 844 586 discessum
856 550 873 587 a
884 533 964 588 nobis

110 602 235 657 futurum
249 610 337 673 putes.
375 603 419 658 Sic
434 604 507 661 enim
520 603 572 658 tibi
587 607 755 675 persuadeas
773 608 863 676 velim,
879 625 963 662 unum

111 677 178 731 mihi
189 695 250 733 esse
262 679 387 734 solatium
397 696 483 748 quare
492 680 597 734 facilius
610 683 712 750 possim
723 682 782 750 peti
794 685 823 737 te
835 700 895 743 esse
905 684 964 738 sine

111 754 196 819 nobis,
211 755 235 808 si
254 755 306 810 tibi
325 772 386 809 esse
402 755 432 808 id
448 756 632 816 emolumento
646 757 745 810 sciamr
767 757 808 810 sin
825 762 917 813 eutem
934 755 964 812 id

111 838 165 882 non
179 830 310 898 estnihil
327 830 435 884 duobus
448 830 528 885 nobis
543 835 588 886 est
606 832 724 898 stultius,
739 849 783 887 me
798 834 845 902 qui
863 837 893 888 te
909 850 964 888 non

113 905 228 960 Romam
241 906 386 974 attraham,
398 910 428 960 te
441 907 488 975 qui
497 924 554 961 non
566 908 619 962 huc
631 907 748 963 advolas.
784 909 846 963 Una
857 909 964 964 meher-

112 981 174 1036 cule
186 985 282 1036 nostra
295 983 338 1036 vel
353 1000 449 1037 severa
464 982 507 1037 vel
520 983 615 1051 jocosa
633 985 789 1054 congressio
806 985 893 1053 pluris
910 985 964 1040 erit

113 1074 196 1127 quam
207 1074 262 1115 non
273 1058 355 1112 modo
367 1059 460 1112 hostes
475 1058 525 1112 sod
541 1059 625 1113 etiam
642 1060 743 1114 fratres
757 1061 845 1114 nostri
864 1060 962 1114 Aedui.

114 1133 205 1198 Quare
214 1134 339 1188 omnibus
352 1133 387 1189 de
399 1134 481 1188 rebus
493 1135 536 1188 fao
547 1138 580 1188 ut
593 1135 808 1205 quamprimum
820 1135 914 1206 sciam,

149 1210 209 1264 Aut
218 1211 381 1265 consolando
392 1213 442 1265 aut
453 1210 564 1264 consilio
577 1214 625 1264 aut
637 1228 668 1266 re
675 1210 782 1279 juvero.

319 1346 357 1395 41.
387 1347 514 1394 CICERO
531 1346 709 1395 TREBATIO
726 1347 751 1396 S.

265 1437 270 1445 ’
374 1450 431 1513 (vn.
449 1452 488 1500 19.
523 1449 704 1512 n.u.e.710.)

113 1544 188 1598 Vide
200 1546 295 1614 quanti
307 1545 382 1615 apud
394 1562 438 1599 me
448 1546 500 1610 sis;
517 1546 570 1599 etsi
578 1545 643 1613 jure
655 1545 685 1599 id
697 1546 816 1616 quidem,
824 1563 878 1601 non
889 1547 964 1600 euim

113 1624 144 1675 tc
152 1638 245 1676 amoro
253 1623 340 1675 vinco.
366 1620 565 1679 Verumtamen
578 1621 653 1689 quod
664 1622 805 1691 praesenti
811 1623 864 1676 tibi
876 1639 963 1692 prope

113 1697 302 1766 subnegursm,
311 1713 366 1752 non
377 1697 528 1751 tribueram
541 1700 625 1765 certe,
635 1696 666 1751 id
678 1697 784 1752 absenti
797 1698 898 1754 debere
909 1716 963 1755 non

112 1774 198 1841 potui.
226 1774 326 1842 Itaque
342 1776 374 1826 ut
393 1774 512 1842 primum
525 1773 606 1827 Velia
617 1774 748 1843 navigare
760 1776 843 1845 coepi,
855 1776 963 1831 institui

113 1849 214 1919 'l'opica
223 1848 393 1902 Aristotelea
401 1849 580 1915 conscribere,
591 1849 625 1902 ab
637 1850 697 1918 ipsa
706 1850 776 1904 urbe
785 1852 963 1906 commonitus

112 1925 356 1979 amantissimatui.
379 1924 448 1979 uum
460 1924 561 1977 librum
570 1923 622 1979 tibi
633 1925 695 1978 misi
708 1925 963 1995 Rhegio,script1uu

112 2017 194 2069 quam
206 2001 362 2070 planissime
374 2017 419 2053 res
430 2000 477 2054 illa
489 2000 570 2054 scribi
582 2001 682 2070 potuit.
707 2001 755 2055 ein
766 2002 818 2056 tibi
830 2003 964 2072 quaedam

112 2077 281 2132 videbuntur
296 2077 460 2145 obscuriora,
480 2078 603 2145 cogitare
622 2077 736 2138 debebis
754 2079 857 2132 nullam
875 2082 963 2133 artem

112 2153 201 2207 literis
215 2154 274 2208 sine
289 2154 443 2222 interprete
461 2156 489 2207 et
506 2153 565 2206 sine
581 2152 673 2221 aliqua
692 2154 889 2208 exercitatione
902 2170 964 2224 per-

112 2230 166 2300 cipi
181 2247 270 2300 posse.
305 2230 332 2283 N
333 2246 367 2283 on
379 2230 459 2297 longe
472 2229 580 2283 abieris
604 2228 678 2281 Num
688 2228 737 2297 jus
749 2229 827 2284 civile
841 2234 964 2285 vestrum

112 2323 147 2361 ex
165 2307 243 2362 libris
260 2306 384 2375 cognosci
401 2308 502 2374 potest,
519 2305 567 2374 qui
585 2321 751 2374 quamquam
768 2304 882 2373 plurimi
899 2310 964 2361 sunt

113 2383 253 2439 doctorem
264 2388 358 2438 tamen
369 2398 564 2450 nonnunquam
577 2381 755 2455 desideranti
792 2381 963 2451 Quamquam

112 2464 145 2515 tn
161 2461 185 2514 si
200 2464 308 2515 attente
321 2460 404 2528 leges,
415 2459 438 2512 si
453 2458 570 2527 saepius,
586 2474 636 2525 per
649 2460 679 2511 te
696 2458 786 2512 omnia
798 2474 964 2528 consequere

111 2541 145 2592 ut
162 2541 238 2591 certe
255 2536 402 2604 intelligas.
442 2534 483 2588 Ut
500 2550 565 2588 vero
583 2533 668 2587 etiem
686 2534 738 2601 ipsi
755 2534 806 2589 tibi
832 2534 884 2588 loci
901 2552 964 2604 pro·

112 2613 201 2680 posita
208 2613 368 2681 quaestione
376 2613 521 2665 occurrant
530 2609 726 2663 exercitatione
734 2626 908 2680 consequere.
929 2610 963 2664 Iu

113 2703 169 2755 qua
183 2686 294 2755 quidem
310 2702 360 2739 nos
373 2689 404 2740 te
419 2684 628 2753 continebimus,
640 2684 663 2737 si
676 2688 705 2738 ct
718 2685 784 2739 salvi
800 2686 965 2740 redierimus

113 2765 144 2816 et
155 2762 230 2815 salva
240 2760 295 2814 ista
306 2761 508 2817 offenderimus.
542 2776 569 2814 v.
583 2760 647 2815 Kal.
660 2760 756 2815 Sextii,
769 2760 882 2830 Rhegio.
