2250 3450
328 145 494 197 LAELIUS.
529 146 607 196 OAP.
626 147 733 196 XXVI.
752 146 874 195 XXVII.
1000 147 1032 200 57

156 224 250 277 ‘enim
268 240 298 278 11
318 225 377 292 ipsa
403 227 479 281 novit
509 234 647 296 quamque
672 226 796 280 amabilis
818 227 856 280 sit
884 226 1032 295 intelligit3

178 315 229 367 ego
243 305 336 355 autem
350 319 404 355 non
419 303 454 355 de
470 303 574 356 virtute
589 319 661 356 nunc
676 302 781 371 loquor,
801 303 851 356 sed
868 302 903 356 11
919 303 1032 356 virtutis

177 376 309 443 opinione.
352 377 465 431 Virtute
484 379 555 432 enim
577 379 637 446 ipsa
657 395 711 431 non
732 382 790 432 tam
812 378 892 432 multi
913 379 1032 447 praediti

177 467 334 520 essequam
348 453 436 506 videri
452 454 553 507 volunt.
590 455 650 507 Hos
666 454 788 508 delectat
807 455 973 520 assentatio;
988 455 1031 509 his

176 526 256 580 fictus
273 529 310 581 ad
327 529 448 596 ipsorum
466 528 635 583 voluntatem
658 546 747 583 sermo
768 547 853 599 quum
875 530 1031 599 adhibetur,

176 604 325 657 orationem
337 604 412 657 illam
424 621 520 659 vanam
532 605 718 658 testimenium
728 622 789 659 esse
797 605 909 659 laudum
919 623 1029 659 suarum

175 683 281 747 putant
326 681 409 734 Nulla
433 685 475 735 est
499 682 584 750 igitur
606 682 674 735 haec
698 682 824 748 amicitia,
849 698 933 750 quum
957 682 1028 736 alter

174 769 269 808 verum
278 757 373 811 audire
384 773 438 810 non
450 758 517 825 vult,
527 758 597 812 alter
608 758 645 811 ad
657 757 843 811 mentiendum
855 761 968 825 paratus
979 761 1028 812 est

175 829 201 882 N
203 847 234 884 ec
253 833 436 900 parasitorum
454 834 482 886 in
505 833 653 887 comoediis
674 833 824 887 assentatio
844 833 934 887 faceta
951 833 1029 887 nobis

174 906 324 976 rideretur,
336 909 389 960 nisi
401 912 493 964 esseut
505 909 606 963 milites
617 909 735 976 gloriosi.

329 995 437 1058 Magnas
448 1012 506 1044 vero
518 1012 591 1059 agere
602 999 695 1058 gratita
707 997 783 1043 Thais
794 995 874 1043 mihil

173 1063 246 1117 Satis
258 1068 317 1119 erat
326 1067 499 1135 respondere,
509 1083 637 1134 magnas;
648 1066 782 1134 ingentes,
790 1065 887 1133 inquit
911 1065 1026 1132 Semper

172 1142 255 1206 auget
267 1145 420 1195 assentator
432 1142 461 1195 id
474 1141 548 1211 qued
560 1143 584 1194 is
595 1140 675 1209 cujus
688 1141 725 1193 ad
739 1141 909 1194 voluntatem
925 1139 1027 1192 dicitur

171 1215 231 1268 vult
253 1229 313 1268 esse
336 1230 472 1283 magnum.
508 1220 548 1269 99.
568 1214 759 1280 Quamobrem,
777 1214 901 1281 quamvis
922 1212 1025 1266 blanda

172 1287 226 1342 ista
236 1289 342 1342 vanitas
354 1290 429 1354 apud
440 1306 488 1344 sos
499 1289 573 1343 valet
585 1291 632 1354 qui
643 1290 694 1353 ipsi
711 1289 785 1342 illam
797 1288 927 1342 allectant
939 1290 1024 1354 atque

171 1363 294 1430 invitant,
315 1368 407 1419 tamen
431 1366 515 1420 etiam
538 1364 678 1432 graviores
701 1366 953 1431 constantioresque
978 1364 1026 1417 ad-

171 1439 299 1493 monendi
314 1443 378 1494 sunt
392 1444 426 1495 ut
439 1440 561 1494 animum
577 1439 723 1492 advertant
738 1455 775 1492 ue
791 1439 890 1492 callida
905 1444 1026 1493 assenta

171 1513 247 1567 tione
266 1516 415 1583 capiantur.
460 1516 568 1585 Aperte
588 1515 661 1568 enim
682 1514 840 1568 adulantem
865 1531 944 1568 nemo
968 1530 1023 1569 non

171 1588 254 1657 videt,
275 1590 327 1643 nisi
348 1591 395 1659 qui
419 1591 568 1644 admodum
589 1593 631 1643 111
655 1606 766 1644 excors:
788 1589 903 1643 callidus
926 1589 972 1643 ille
995 1595 1025 1645 et

171 1664 295 1718 occultus
314 1683 349 1720 11
371 1683 401 1721 11
420 1667 539 1720 11111111
561 1665 684 1730 studiose
704 1667 855 1719 cavendum
880 1669 930 1720 111.
965 1666 1025 1720 Nec

170 1741 242 1794 enim
254 1742 380 1797 facillime
392 1744 554 1811 agnoscitur,
572 1743 673 1813 quippe
690 1744 737 1811 qui
753 1744 837 1797 etiam
853 1743 1024 1797 adversando

170 1832 252 1885 saepe
275 1822 438 1888 assentetur,
462 1823 491 1873 11
514 1819 624 1887 litigare
648 1834 678 1872 11
702 1819 832 1872 simulans
859 1818 1024 1888 blandiatur,

169 1900 254 1961 atque
265 1893 301 1946 ad
313 1897 467 1948 extremum
480 1894 529 1949 det
544 1912 641 1949 manns
657 1895 783 1964 vincique
799 1911 829 1949 11
845 1895 975 1964 patiatur,
990 1898 1024 1949 ut

169 1967 261 2037 isqui
283 1968 379 2024 illusus
399 1970 436 2024 sit
456 1970 518 2039 plus
537 1971 639 2025 vidisse
663 1970 797 2024 videatur.
833 1970 907 2035 Quid
930 1966 1023 2025 autem

169 2044 277 2112 turpius
295 2061 378 2113 quam
395 2046 492 2101 illudit
529 2047 610 2111 Quod
627 2064 662 2101 ne
679 2047 786 2102 accidat
803 2046 954 2101 cavendum
972 2048 1023 2111 cst,

169 2119 241 2173 utin
255 2120 395 2189 llpiclero:

269 2203 352 2253 Hodie
363 2222 402 2253 me
413 2210 471 2254 ante
482 2221 567 2253 omnes
578 2206 684 2253 comicos
695 2206 786 2254 stultos
796 2221 866 2256 11111

265 2275 379 2323 Vcrsaris
390 2282 465 2339 atque
476 2277 616 2325 emunxeris
627 2277 772 2325 lautissime.
910 2315 915 2324 .

171 2349 228 2398 100.
247 2344 326 2399 Η111
337 2347 410 2399 enim
423 2347 506 2399 etiam
518 2346 547 2398 in
558 2344 659 2399 fabulis
670 2346 833 2399 stultissima
846 2363 964 2415 persona
978 2349 1022 2400 est

169 2419 383 2488 improvidorum
401 2424 431 2475 et
447 2420 620 2475 credulorum
641 2437 744 2474 senum.
780 2421 836 2475 Sed
856 2422 947 2476 nescio
967 2438 1022 2491 quo

169 2498 250 2563 pacto
263 2494 297 2547 ab
313 2496 439 2550 amicitiis
452 2496 636 2565 perfectorum
650 2496 798 2564 hominum,
809 2496 839 2551 id
853 2500 904 2565 est,
917 2497 1022 2565 sapien-

169 2571 247 2636 tium,
265 2570 300 2624 de
318 2570 369 2625 hac
385 2571 446 2625 dieo
464 2571 600 2639 sapientia
617 2588 688 2640 quae
705 2572 815 2625 videtur
835 2573 864 2626 in
884 2572 1021 2627 hominem

169 2645 268 2699 cadere
279 2662 367 2715 posse,
379 2647 416 2700 ad
426 2647 502 2701 leves
513 2646 648 2701 amicitias
662 2646 779 2700 defluxit
792 2648 887 2701 oratio.
924 2650 1022 2714 Quam-

168 2720 263 2775 obrem
274 2721 311 2774 ad
323 2721 369 2776 illa
384 2723 474 2791 prima
488 2723 634 2777 redeamus
650 2738 738 2791 eaque
753 2723 813 2792 ipsa
827 2724 1023 2777 concludamus

168 2797 321 2865 aliquando.
345 2816 346 2819 ¹

220 2873 344 2927 XXVII.
370 2873 476 2943 Virtus,
490 2874 586 2942 virtus,
601 2872 722 2943 inquam,
739 2874 768 2929 O.
788 2874 875 2928 Fanni
892 2877 922 2928 et
938 2876 972 2927 tn
990 2873 1021 2937 Q.

167 2948 249 3017 Muci,
270 2952 300 3003 et
321 2949 448 3003 conciliat
471 2950 604 3004 amicitias
627 2954 656 3003 et
679 2953 828 3005 conservat.
865 2950 898 3003 In
922 2964 955 3001 ea
977 2952 1022 3001 est

167 3026 239 3079 enim
252 3026 440 3080 convenientia
451 3042 551 3095 rerum,
562 3027 592 3078 in
603 3042 637 3079 ea
648 3025 790 3093 stabiIItas,
802 3026 831 3080 11
847 3042 880 3080 ea
895 3027 1021 3078 constan-

165 3101 212 3169 tia,
231 3119 302 3170 quae
320 3119 405 3171 quum
424 3120 453 3157 se
472 3103 572 3158 extulit
589 3106 619 3155 et
636 3102 759 3155 ostendit
776 3103 870 3155 lumen
890 3118 971 3155 suum
991 3103 1022 3153 et

165 3177 240 3231 idem
263 3179 391 3246 adspexit
412 3180 577 3242 agnovitque
598 3181 626 3233 in
649 3181 711 3247 alio,
734 3181 771 3235 ad
794 3182 824 3234 id
841 3196 872 3233 se
894 3180 1018 3231 admovet
