2250 3450
99 133 129 180 1⁶
324 129 363 181 Μ.
381 130 507 180 TULLII
529 131 720 182 CICERONIS

97 226 151 263 non
162 207 285 279 intelligo
295 225 332 264 ne
343 211 371 262 in
383 209 445 263 istis
457 210 569 279 quidem
576 210 763 280 voluptatibus
775 211 842 280 ipsis
853 229 947 268 carere

98 302 180 340 sensu
191 288 369 340 senectutem.
407 286 454 339 Me
474 302 539 340 vero
555 290 585 340 et
603 288 762 355 magisteria
774 287 912 343 delectant
930 305 947 342 a

97 360 247 431 majoribus
265 361 410 426 instituta;
429 365 458 415 et
477 362 501 415 is
520 379 610 416 sermo
625 363 672 432 qui
690 380 766 417 more
782 364 916 433 majorum
929 381 947 418 a

98 453 204 491 summo
215 436 365 492 adhibetur
376 438 405 491 in
416 438 536 505 poculis3
554 442 584 492 et
601 439 705 507 pomula,
718 439 788 494 sieut
800 440 828 493 in
840 457 947 509 sympo-

98 513 138 566 sio
151 512 340 582 Xenophontis
360 516 411 581 est,
423 513 530 568 minuta
544 517 630 583 atquo
647 516 776 584 rorantia,
787 520 817 570 et
835 517 947 585 refrige-

98 588 168 642 ratio
191 591 303 657 aestate,
323 591 352 642 et
371 587 489 642 vicissim
509 592 557 643 aut
581 590 620 643 sol
644 595 693 645 aut
714 590 787 659 ignis
807 591 945 646 hibernus.

98 663 174 728 Quae
193 663 304 733 quidem
317 664 400 718 etiam
418 663 447 717 in
465 664 574 718 Sabinis
591 667 720 736 persequi
738 668 818 735 soleo,
830 668 946 722 convivi-

97 756 199 808 umque
217 739 367 794 vicinorum
386 739 509 808 qnotidie
530 742 659 810 compleo,
679 743 754 811 quod
774 745 810 796 ad
831 744 946 798 multam

97 818 204 869 noctem
217 832 299 885 quam
311 816 429 870 maxime
441 832 585 883 possumus
598 819 673 872 vario
684 836 809 873 sermone
819 819 946 887 produci-

97 908 165 945 mus.
200 895 241 950 47.
259 892 301 945 At
316 908 370 944 non
382 894 427 944 est
438 891 611 959 voluptatum
629 897 708 948 tanta
726 895 805 963 quasi
815 889 945 949 'titillatio

96 967 125 1020 in
138 966 256 1022 senibus.
292 967 396 1022 Credo:
415 966 465 1020 sed
482 984 517 1020 ne
529 968 697 1024 desideratio
715 971 834 1040 quidem.
869 971 946 1025 Nihil

96 1046 191 1098 autem
203 1043 348 1097 molestum
361 1043 436 1111 quod
451 1059 505 1096 non
518 1044 666 1099 desideres.
703 1047 780 1100 Beno
792 1046 945 1116 Sophocles,

97 1135 182 1188 quum
194 1135 228 1172 ex
240 1135 273 1172 eo
285 1118 395 1188 quidam
404 1118 463 1186 jam
476 1119 574 1174 affecto
586 1126 677 1175 aetate
689 1126 842 1191 quaereret,
854 1126 946 1177 utere·

97 1199 179 1250 turne
201 1194 285 1249 rebus
308 1195 433 1248 venereis
440 1216 447 1260 ;
475 1195 521 1248 Dii
542 1196 672 1251 meliora!
698 1197 803 1266 inquit:
827 1197 946 1252 libenter

97 1288 161 1325 vero
184 1271 266 1326 istinc
289 1270 361 1325 sicut
377 1287 394 1324 a
412 1271 521 1325 domino
539 1273 642 1338 agresti
659 1290 691 1327 ao
707 1273 810 1328 furioso
830 1273 945 1343 profugi.

98 1347 213 1416 (lapidis
223 1347 297 1402 enim
308 1363 400 1402 rerum
419 1347 515 1400 talium
534 1348 659 1402 odiosum
677 1349 792 1402 fortasse
804 1352 833 1402 et
848 1349 945 1403 moles

97 1426 157 1476 tum
169 1426 212 1477 est
224 1439 317 1477 carere
325 1443 332 1487 ;
350 1423 458 1476 satiatis
473 1440 538 1477 vero
557 1428 586 1477 et
604 1425 722 1494 expletis
735 1424 885 1493 jucundius
902 1435 946 1480 est

97 1515 191 1553 carere
211 1515 293 1568 quam
312 1499 374 1552 frui.
412 1499 583 1567 Quamquam
607 1518 661 1554 non
682 1504 758 1554 caret
780 1501 873 1570 isqui
891 1518 946 1555 non

97 1575 244 1629 desiderat.
279 1574 338 1642 Ego
364 1591 419 1628 non
443 1574 603 1629 desiderare
626 1577 687 1630 dieo
710 1593 771 1630 esso
789 1575 947 1645 jucandius.

97 1656 139 1705 48.
158 1651 237 1716 Quod
254 1650 277 1704 si
293 1649 355 1704 istis
374 1650 441 1718 ipsis
461 1651 648 1719 voluptatibus
666 1652 739 1706 bona
755 1657 830 1706 aetas
845 1652 946 1706 fruitur

97 1728 235 1795 libentius,
256 1727 375 1796 primum
396 1728 517 1795 parvulis
534 1729 637 1782 fruitur
654 1729 744 1797 rebus,
762 1733 795 1783 ut
812 1729 946 1796 diximus,

98 1805 198 1859 deinde
210 1804 244 1857 iis
262 1802 363 1872 quibus
381 1806 514 1871 senectus,
527 1805 550 1857 si
568 1821 621 1857 non
641 1805 750 1859 abundo
767 1805 880 1874 potitur,
891 1822 945 1870 non

98 1881 207 1934 omnino
219 1882 302 1933 caret.
338 1880 378 1933 Ut
391 1879 527 1948 Turpione
541 1880 672 1935 Ambivio
688 1882 776 1949 magis
794 1880 948 1936 delectatur

98 1956 185 2025 quiin
197 1955 506 2024 primaeaveaspeotat,
519 1956 672 2010 delectatur
689 1960 782 2010 tamen
798 1957 881 2011 etiam
899 1958 946 2026 qui

98 2035 126 2086 in
145 2032 256 2096 ultima;
280 2031 319 2084 sic
335 2031 519 2085 adolescentia
535 2032 691 2101 voluptates
708 2036 821 2102 propter
838 2033 947 2087 intuens

98 2108 184 2176 magis
201 2107 318 2161 fortasse
335 2106 463 2175 laetatur,
479 2107 529 2161 sed
547 2106 701 2163 delectatur
719 2109 803 2163 etiam
821 2112 947 2163 senectus

97 2184 191 2253 procul
212 2199 259 2237 eas
278 2185 404 2251 spectans
424 2186 532 2237 tontum
553 2188 686 2251 quantum
701 2188 744 2239 sat
761 2187 812 2239 est.
847 2191 888 2240 49.
907 2188 948 2240 At

97 2260 145 2313 illa
162 2259 257 2329 quanti
277 2260 348 2325 sunt,
366 2259 494 2327 animum,
506 2262 647 2328 tamquam
665 2262 787 2315 emeritis
805 2261 948 2330 stipendiis

97 2337 225 2405 libidinis,
236 2335 402 2403 ambitionis,
415 2336 604 2405 contentionis,
622 2338 833 2406 inimicitiarum,
844 2338 948 2406 cupidi-

98 2416 188 2468 tatum
199 2413 327 2481 omnium,
340 2428 431 2466 secum
444 2428 503 2466 esse
515 2429 669 2482 secumque,
681 2416 713 2468 ut
725 2413 946 2481 dicitur,viverel

99 2491 128 2544 Si
147 2506 210 2544 vero
228 2488 313 2543 babet
330 2488 442 2557 aliquod
458 2491 600 2556 tamquam
615 2489 745 2558 pabulum
763 2489 847 2543 studii
864 2493 949 2558 atque

99 2567 245 2632 doctrinae,
264 2565 332 2619 nihil
353 2568 397 2619 est
418 2564 505 2619 otiosa
526 2567 669 2618 senectute
684 2564 840 2633 jucundius.
876 2564 948 2619 Mori

98 2658 185 2711 paene
196 2640 357 2695 videbamus
367 2641 396 2693 in
408 2640 500 2693 studio
513 2640 674 2693 dimetiendi
685 2640 752 2694 caeli
761 2644 846 2709 atque
857 2644 949 2695 terrae

99 2718 132 2772 (l.
145 2717 253 2771 Gallum
265 2716 427 2769 familiarem
443 2716 530 2784 patris
541 2716 591 2782 tui,
604 2716 703 2784 Scipio.
740 2716 855 2778 Quoties
872 2717 949 2770 illum

98 2794 145 2846 lux
166 2794 249 2846 noctu
274 2791 378 2860 aliquid
399 2790 555 2844 describere
578 2791 739 2858 ingressum,
763 2792 871 2859 quoties
894 2809 948 2846 nox

99 2866 244 2937 oppressit,
270 2882 354 2935 quum
383 2882 463 2919 ruane
493 2866 642 2934 coepisset!
680 2865 768 2929 Quam
792 2866 950 2924 delectabat

99 2960 161 2998 eum
174 2941 341 2995 deiectiones
353 2940 418 2995 solis
429 2944 459 2995 et
469 2940 550 2995 lunae
562 2941 651 2995 multo
663 2942 742 2996 nobis
759 2945 825 2996 ante
841 2944 950 3013 praedi-

99 3021 175 3075 cere!
213 3022 255 3071 50.
273 3015 346 3080 Quid
357 3016 385 3069 in
397 3016 545 3069 levioribus
557 3017 656 3071 studiis
673 3017 723 3071 sed
741 3021 833 3073 tamen
844 3019 950 3073 acutisl

101 3095 188 3161 Quam
206 3091 345 3161 gaudebat
361 3090 434 3145 bello
450 3107 499 3145 suo
518 3090 621 3146 Punico
635 3093 768 3148 Naevius!
788 3110 871 3162 qnam
883 3094 951 3147 'l'ru-

100 3170 209 3225 culento
231 3164 358 3220 Plautus!
377 3182 460 3233 quam
481 3165 633 3222 Pseudolo!
670 3168 737 3221 Vidi
754 3170 838 3223 etiam
856 3184 951 3222 senem
