2250 3450
340 184 394 232 AI)
412 179 589 240 QUINTUM
606 179 802 228 FRATREM..
964 182 994 230 69

138 263 244 318 artibus
264 278 323 315 esse
344 262 467 328 adeptos,
481 276 551 328 quae
573 258 627 312 siut
646 258 725 312 nobis
748 258 878 312 Graeciae
901 276 996 314 monu-

139 339 238 393 mentis
267 337 472 405 disciplinisque
501 335 628 389 traditae.
667 337 757 401 Quare
786 339 896 404 praeter
924 353 995 390 oom-

139 432 248 470 munem
260 413 342 467 fidem
355 429 426 481 quae
440 413 564 466 omnibus
578 411 702 478 debetur,
722 417 866 482 praeterea
877 429 927 466 uos
952 413 998 467 isti

140 492 277 546 hominum
288 489 381 558 generi
394 489 539 558 praecipue
559 487 662 543 debere
677 489 810 558 ridemur,
829 493 862 542 ut
880 506 999 558 quorum

139 567 293 638 praeceptis
313 583 406 620 sumus
424 565 526 620 eruditi
549 565 622 635 apud
640 581 687 619 eos
708 565 782 633 ipsos
806 565 881 637 quod
904 564 939 618 ab
964 564 999 619 iis

141 644 319 698 didicerimus
332 643 447 697 velimus
461 658 628 710 expromere.

193 721 227 774 X.
245 727 285 774 29.
304 722 400 789 Atque
406 719 457 778 ¹ille
471 719 583 788 quidem
595 719 722 788 princeps
738 719 839 786 ingenii
855 722 884 773 et
899 717 999 772 doctri-

141 814 192 851 nae
205 797 282 850 Plato
290 802 351 850 tum
365 796 484 866 denique
493 796 552 850 lore
569 795 663 849 beatas
681 811 725 847 res
743 793 865 864 publicas
883 795 998 862 putavit,

142 873 164 926 si
176 877 224 926 aut
233 873 306 927 docti
319 891 350 926 ac
367 874 503 941 sapientes
520 872 643 927 homines
666 888 712 924 eas
728 886 824 938 rogere
840 871 999 940 coepissent,

141 952 189 1003 aut
209 949 229 1002 ii
247 949 295 1017 qui
316 953 442 1017 regerent
466 966 545 1003 omne
560 966 638 1002 suum
653 948 774 1001 studium
786 948 812 1000 in
834 948 957 1002 doctrina
969 965 1000 1002 ac

142 1025 275 1092 sapientia
300 1026 481 1080 collocassent.
519 1025 598 1080 Hanc
626 1025 844 1093 conjunctionem
872 1025 999 1079 videlicet

142 1103 285 1168 potcstatis
306 1119 337 1157 ac
358 1103 507 1172 sapientiae
528 1103 608 1157 saluti
631 1103 736 1157 censuit
758 1102 914 1156 civitatibus
940 1119 1000 1156 esse

142 1194 228 1245 posse.
267 1179 347 1243 Quod
358 1179 474 1234 fortasse
486 1180 631 1249 aliquando
652 1179 794 1232 universae
814 1179 854 1232 rei
874 1179 999 1246 publicae

143 1257 258 1322 nostrae,
277 1272 348 1308 nunc
366 1255 477 1324 quidem
497 1257 619 1324 prefecto
636 1255 683 1308 isti
705 1254 860 1322 provinciae
879 1255 1000 1323 contigit,

142 1333 176 1383 ut
186 1329 210 1382 is
221 1331 248 1382 in
258 1348 290 1384 ea
301 1348 433 1384 summam
447 1335 615 1400 potestatem
627 1332 742 1384 haberet
759 1331 803 1385 cui
820 1331 849 1384 in
869 1330 1001 1397 doctriua,

143 1405 187 1459 cui
198 1406 226 1458 in
245 1407 347 1459 virtute
367 1410 452 1474 atquc
470 1407 642 1460 humanitate
661 1407 836 1475 percipienda
853 1407 1000 1474 plurimum

143 1498 161 1533 a
180 1481 298 1550 pueritia
317 1482 401 1534 studii
422 1481 519 1549 fuisset
541 1486 569 1535 et
591 1482 729 1550 temporis.
768 1489 809 1536 30.
830 1485 919 1548 Quare
938 1500 1002 1536 cura

144 1561 176 1611 ut
195 1557 238 1609 hic
257 1574 342 1610 annus
365 1558 412 1626 qui
437 1558 473 1611 ad
491 1558 613 1611 laborem
634 1562 712 1612 tuum
735 1559 851 1613 accessit
871 1559 944 1613 idem
965 1558 1000 1612 ad

140 1633 260 1687 salutem
275 1634 356 1686 Asiae
373 1638 533 1702 prorogatus
550 1651 610 1688 esse
631 1633 774 1700 videatur;
796 1634 1001 1704 quoniam[que]

143 1708 172 1763 in
183 1713 213 1763 tc
224 1710 367 1764 retinendo
375 1710 429 1764 fuit
442 1711 510 1769 Asia
521 1711 626 1765 felicior
638 1728 720 1779 quam
733 1728 782 1765 nos
795 1711 822 1765 in
834 1710 1000 1781 deducendo,

143 1787 245 1854 perfice
257 1791 288 1841 ut
296 1787 402 1841 laetitia
417 1788 571 1855 provinciae
591 1788 756 1842 desiderium
776 1792 900 1842 nostrum
918 1788 1001 1841 lenia-

143 1869 196 1918 tur.
232 1864 341 1917 Etenim
364 1864 387 1919 si
412 1864 440 1917 iu
463 1866 644 1934 promerendo
668 1868 700 1919 ut
719 1865 771 1919 tibi
793 1865 862 1919 tanti
886 1864 1001 1919 honores

144 1939 314 2008 haberentur,
328 1942 424 2010 quanti
436 1941 509 1995 haud
524 1942 579 1995 scio
596 1958 631 1995 an
649 1942 758 2011 nemini,
780 1942 856 1996 fuisti
881 1942 1000 1995 omnium

145 2015 375 2086 diligentissimus,
388 2018 475 2071 multo
487 2020 620 2087 majorem
632 2019 660 2071 in
672 2018 715 2071 his
726 2018 875 2072 honoribus
891 2018 1002 2072 tuendis
1030 2056 1032 2061 .

145 2092 275 2146 adhibere
283 2093 453 2161 diligentiam
462 2093 554 2147 debes.
592 2100 635 2148 31.
647 2094 783 2163 Equidem
794 2095 829 2148 de
838 2096 891 2148 isto
901 2110 1002 2163 genere

144 2167 276 2221 honorum
289 2168 356 2238 quid
369 2170 501 2222 sentirem
514 2170 610 2238 scripsi
624 2170 659 2223 ad
671 2174 700 2223 te
714 2174 786 2223 autc.
823 2170 937 2239 Semper
954 2186 1001 2223 eos

144 2244 244 2311 putavi,
256 2245 279 2297 si
291 2245 417 2311 vulgares
432 2248 532 2311 essent,
549 2246 632 2310 vilcs;
649 2246 671 2299 si
690 2246 821 2313 temporis
841 2263 921 2299 cause
943 2262 1003 2299 con-

145 2320 333 2387 stituerentur,
357 2320 446 2384 leres;
467 2320 490 2373 si
514 2336 586 2387 vcro,
611 2321 640 2373 id
662 2321 736 2395 quod
762 2322 803 2373 ita
826 2321 928 2374 factum
953 2323 1004 2382 est,

145 2396 251 2448 meritis
263 2395 319 2448 tuis
338 2395 533 2462 tribuerentur,
556 2395 748 2449 existimabam
767 2397 882 2449 multam
903 2396 956 2449 tibi
975 2396 1003 2449 in

145 2470 180 2523 iis
199 2470 347 2524 honoribus
365 2470 477 2524 tuendis
495 2487 606 2539 operam
628 2488 688 2524 esse
714 2471 875 2539 ponendam.
914 2473 1004 2537 Quare

147 2541 273 2614 quoniam
290 2546 318 2598 iu
337 2545 399 2599 istis
417 2546 532 2600 urbibus
552 2562 613 2600 cum
639 2543 743 2599 summo
767 2546 881 2615 imperio
907 2551 936 2601 et
957 2564 1004 2616 po-

143 2617 249 2675 testate
262 2622 385 2690 versaris,
398 2622 427 2675 in
447 2622 626 2690 quibustuae
645 2621 763 2675 virtutes
783 2616 955 2678 consecratas
976 2627 1006 2679 et

146 2698 300 2751 iudeorum
317 2715 430 2752 numero
450 2699 594 2753 collocatas
615 2699 700 2767 vides,
719 2700 747 2752 in
772 2700 897 2753 omnibus
922 2701 1004 2754 rebus

146 2790 214 2843 quas
241 2778 355 2842 statues,
380 2792 447 2844 quas
471 2776 609 2844 decernes,
635 2792 703 2844 quas
727 2793 799 2845 ages,
825 2776 892 2844 quid
917 2778 1005 2831 tantis

146 2850 286 2903 hominum
310 2852 488 2921 opinionibus,
507 2852 593 2905 tantis
612 2852 648 2905 de
667 2855 697 2906 te
713 2852 832 2921 judiciis,
853 2853 938 2923 tantis
956 2854 1004 2907 ho

146 2926 257 2981 noribus
277 2927 384 2996 debeas,
405 2927 547 2995 cogitabis.
586 2928 621 2982 Id
638 2932 731 2983 autem
752 2927 805 2981 erit
822 2927 956 2995 ejusmodi
973 2932 1006 2983 ut

146 3003 270 3057 consulas
295 3004 426 3072 omnibus,
445 3007 477 3058 ut
502 3004 631 3059 medeare
655 3004 832 3058 incommodis
856 3004 1004 3072 hominum,

4 3065 6 3122 ἶ
72 3138 74 3143 ,
145 3080 291 3148 provideas
304 3080 393 3149 saluti,
405 3084 439 3134 ut
450 3083 479 3134 te
490 3084 635 3149 parentem
649 3082 733 3134 Asiae
746 3083 775 3134 et
791 3080 845 3134 dici
863 3083 892 3133 et
908 3080 1004 3133 haberi

146 3156 222 3209 velis.

200 3232 251 3286 XI.
274 3233 430 3302 eantque
454 3232 517 3286 huic
541 3235 606 3287 tuae
629 3232 763 3286 voluntati
787 3248 819 3285 ac
845 3230 1003 3299 diligentiae
