2250 3450
350 118 612 170 EPISTOLARUM
626 116 739 167 'LIBRI'
751 116 833 168 DUO.
979 129 1024 180 107

165 204 221 269 non'
233 202 350 274 possum
360 202 415 255 non
432 198 557 254 confiteri
575 197 714 253 cumulari
722 196 770 251 me'
782 198 901 252 maximo
917 201 1029 268 gaudio,

166 281 240 349 quod
258 279 339 348 vulgo
357 275 497 330 hominum
515 274 607 344 opinio
626 273 729 328 socium
746 290 791 328 me
813 274 953 330 adscribat
970 278 1028 331 tuis

165 357 299 411 laudibus.
336 355 480 408 Neminem
495 352 772 408 oonvoui—eonvenio
789 355 883 406 autem
903 353 1027 422 quotidie

165 427 305 503 plurimos,
318 435 383 486 sunt
394 431 468 486 enim
479 429 611 500 permulti
624 429 720 497 optimi
732 428 784 481 riri
797 428 845 498 qui
860 429 1026 483 valetudinis

166 526 248 564 eausa
259 511 287 562 in
302 509 369 562 haee
385 509 444 562 loca
462 507 581 573 veniant,
594 509 740 575 praeterea
756 522 790 559 ex
804 505 959 575 municipiis
974 505 1027 558 fre-

166 589 283 656 quentes
305 584 451 639 necessarii
469 583 624 652 mei-quin
642 598 743 649 omnes,
762 599 848 652 quum
865 585 895 636 te
913 580 1026 636 summis

164 662 293 716 laudibus
304 661 341 716 ad
357 661 463 723 caelum
479 660 647 726 extulerunt,
665 659 732 713 mihi
747 659 877 713 continuo
893 658 1026 712 maximas

163 735 269 805 gratias
285 741 376 807 agant.
412 738 524 805 Negant
544 736 616 790 enim
636 752 665 789 se
683 734 811 790 dubitare
828 735 895 804 quin
910 739 942 789 tu
957 734 1026 788 meis

164 815 320 884 praeceptis
332 819 361 868 et
372 813 492 868 consiliis
504 809 698 880 obtemperans
714 810 981 879 praestantissimum
995 813 1026 864 te

164 891 252 945 civem
269 893 299 945 et
322 890 488 958 singularem
512 889 651 944 consulem
670 887 811 956 praebeas.
850 886 956 952 Quibus
974 902 1025 955 ego

164 983 332 1036 quamquam
343 966 483 1020 verissime
497 980 609 1035 possum
625 964 792 1034 respondere
808 966 838 1018 te
854 980 926 1032 quae
942 962 1025 1016 facias

163 1045 213 1097 tuo
226 1041 333 1110 judicio
352 1044 381 1096 et
398 1044 446 1096 tua
464 1044 561 1110 sponte
579 1041 670 1096 facere
687 1057 738 1095 neo
762 1040 930 1109 cujusquam.
943 1053 1025 1107 egero

164 1118 284 1186 oonsilio,
308 1121 401 1172 tamen
424 1134 515 1186 neque
538 1117 785 1186 planeassentior,
809 1133 845 1170 ne
865 1115 1025 1169 imminuam

163 1198 241 1248 tuam
252 1195 370 1262 laudem,
383 1193 406 1247 si
418 1194 506 1247 omnis
514 1210 531 1246 a
540 1189 738 1248 meis'consiliis
748 1193 871 1261 profecta
885 1192 1025 1253 videatur,

162 1286 253 1337 neque
264 1271 344 1324 valde
360 1268 448 1336 nego:
465 1287 526 1322 sum
542 1268 616 1322 enim
633 1268 740 1322 avidior
757 1264 841 1322 etiam
859 1284 941 1336 quam
957 1267 1034 1320 s'atis

163 1347 207 1398 est
223 1346 342 1412 gloriae:
361 1348 391 1398 et
408 1348 502 1398 tamen
519 1361 574 1396 non
592 1344 711 1398 alienum
737 1347 780 1397 est
806 1343 944 1411 dignitate
967 1345 1025 1411 tua,

163 1420 239 1488 quod
250 1421 303 1489 ipsi
316 1419 515 1488 Agamemnoni
527 1416 624 1487 regum
637 1415 697 1487 regi
705 1419 759 1472 fuit
769 1419 914 1472 honestum
923 1418 1025 1472 habero

163 1495 282 1564 aliquem
294 1496 326 1549 in'
337 1495 457 1548 consiliis
472 1495 621 1563 capiendis
629 1491 783 1562 Nestorem,
798 1495 950 1548 mihivero
967 1495 1025 1562 glo·

162 1570 266 1625 riosum
288 1575 319 1626 to
337 1570 469 1639 juvenem
493 1571 634 1625 consulem
661 1571 760 1625 florere
787 1569 916 1625 laudibus
945 1571 1028 1640 quasi

162 1647 303 1702 alumnum
322 1645 481 1714 disciplinae
501 1663 586 1700 meae.
623 1647 654 1701 L.
677 1647 789 1716 quidem
812 1648 920 1714 Caesar,
939 1663 1024 1715 quum

161 1724 199 1779 ad
216 1727 437 1792 eumaegrotum
457 1724 601 1792 Neapolim
619 1724 761 1789 venissem,
780 1719 944 1792 quamquam
963 1726 1031 1778 erat

161 1817 309 1870 oppressus
333 1801 420 1854 totius
443 1800 563 1868 corporis
582 1799 729 1867 doloribus,
748 1802 839 1854 tamen
857 1803 922 1853 ante
940 1796 1023 1869 quam

161 1893 206 1931 me
222 1877 304 1947 plano
321 1876 457 1943 salutavit,
477 1875 501 1929 0
519 1875 557 1928 mi
577 1876 679 1943 Cicero,
701 1875 798 1945 inquit,
822 1877 946 1945 gratulor
966 1870 1023 1931 ¹tibi

161 1970 248 2023 quum
270 1957 380 2008 tantum
397 1952 473 2007 vales
490 1952 564 2021 apud
583 1953 755 2008 Dolabellam
774 1958 907 2022 quantum
926 1953 950 2007 si
969 1970 1022 2021 ego

161 2030 236 2098 apud
260 2030 360 2083 sororis
384 2028 471 2082 filium
488 2029 615 2096 valorem,
630 2028 690 2097 jam
709 2030 777 2084 salvi
795 2047 855 2091 esse
872 2046 1021 2099 possemus

162 2105 321 2159 Dolabellae
344 2121 409 2158 vero
432 2108 481 2159 tuo
498 2107 528 2159 et
545 2106 675 2173 gratulor,
695 2110 724 2160 et
740 2106 845 2173 gratias
862 2123 921 2174 ago,
939 2122 1022 2174 quem
1100 2101 1101 2106 ’

161 2181 274 2249 quidem
292 2184 401 2249 postte
417 2180 554 2234 consulem
576 2181 662 2233 solum
682 2197 827 2249 possumus
846 2198 911 2236 vere
929 2198 1022 2236 consu

161 2257 214 2311 lem
227 2258 327 2311 dicero.
363 2257 472 2311 Deinde
484 2258 572 2310 multa
584 2256 620 2311 de
629 2256 704 2311 'facto
717 2275 748 2312 ac
761 2257 797 2311 de
809 2274 840 2312 re
851 2261 931 2325 gesta
938 2279 945 2323 ;
961 2262 1021 2311 tum

160 2333 228 2386 nihil
248 2328 560 2401 nragnifieentius‚i1ihil
580 2334 746 2401 praeclarius
767 2336 1028 2401 aetum-umquam,v

160 2409 228 2463 nihil
239 2410 279 2488 rei
292 2409 417 2478 publicae
434 2410 588 2464 salutarius.
626 2411 722 2479 Atque
739 2411 807 2465 haeo
823 2426 878 2463 una
894 2423 947 2463 vox
964 2426 1021 2463 om-

160 2486 234 2539 nium
247 2489 297 2539 est.
635 2526 636 2529 ι

175 2593 179 2597 -
213 2561 239 2613 Α
247 2564 277 2615 te
288 2564 382 2615 autem
391 2563 495 2630 petent
504 2578 548 2615 me
560 2562 631 2616 hano
642 2563 721 2631 quasi
729 2562 827 2617 falsam
836 2563 1020 2617 hereditatem

159 2635 264 2690 alienae
274 2636 378 2705 gloriae
395 2637 468 2690 sinas
483 2654 604 2706 cernere,
621 2655 721 2709 meque
738 2638 830 2707 aliqua
844 2654 879 2693 ex
895 2640 1020 2707 partein

159 2712 319 2766 societatem
331 2716 440 2766 tuarum
453 2712 567 2768 laudum
579 2714 672 2767 venire
688 2714 802 2783 patiare.
840 2714 1019 2788 Quamquam,

159 2786 196 2839 mi
217 2787 366 2855 Dolabella,
382 2789 450 2842 haee
468 2789 541 2843 enim
557 2789 667 2858 jonatus
688 2806 756 2857 sum,
776 2790 906 2844 libentius
925 2806 1020 2845 omnes

159 2879 242 2931 meas,
254 2864 277 2917 si
290 2863 371 2917 modo
384 2865 570 2933 suntaliquae
579 2872 666 2925 Jmeae
683 2865 788 2934 laudes,
800 2866 838 2920 ad
852 2869 881 2919 te
901 2867 1020 2921 translu-

57 3006 64 3013 ·
159 2938 248 2992 dorirn
260 2956 344 3008 quam
355 2940 473 3010 aliquam
485 2945 594 3009 partem
609 2942 833 2997 exhauserim'ex
849 2942 912 2995 tuis,
947 2942 1019 2997 Nam
1114 2952 1115 2959 ’

160 3031 245 3083 quum
256 3017 286 3069 te
298 3032 405 3085 semper
421 3021 530 3070 tantum
548 3017 694 3071 dilexerim
713 3020 846 3085 quantum
865 3020 897 3069 tu
917 3017 1018 3071 intelli-

159 3107 225 3159 gere
243 3092 367 3161 potuisti,
382 3097 443 3147 t'um
458 3092 501 3145 his
521 3094 578 3147 tuis
596 3093 676 3147 laetis
695 3094 734 3147 sio
752 3092 878 3146 incensus
902 3108 962 3146 sum
985 3097 1019 3147 ut

160 3166 227 3221 nihil
250 3184 380 3237 umquam
404 3168 432 3221 in
456 3185 548 3223 amore
571 3168 655 3223 fuerit
678 3168 828 3223 ardentius.
870 3167 946 3221 Nihil
974 3171 1018 3223 est
