2250 3450
335 146 425 200 OATo
441 146 577 206 MAJOR.
612 147 688 196 cAP.
706 146 791 196 XIII.
807 147 886 197 XIV.
1000 150 1032 201 15

182 229 377 296 commeamus,
391 228 438 297 qui
456 244 540 296 quum
553 243 588 281 ex
601 244 650 281 sua
665 227 802 294 vitatum
820 244 855 282 ex
873 227 934 296 ejus
949 244 1033 298 quem

181 303 244 358 dieo
264 304 294 358 P.
313 304 391 358 Decii
410 304 483 357 facto
510 303 674 372 judicabant
698 320 759 358 esse
782 304 905 373 profecto
928 304 1033 374 aliquid

182 384 281 434 natura
301 380 444 450 pulchrum
468 383 552 448 atque
573 379 743 449 praeclarum
768 380 843 449 quod
867 398 918 434 sua
935 384 1033 449 sponte

182 459 333 525 peteretur,
346 455 475 524 quodque
487 459 581 524 spreta
592 459 622 510 et
640 459 797 525 contempta
808 457 951 526 voluptate
962 456 1033 526 opti-

118 597 121 604 ,
182 548 243 586 mus
273 531 388 601 quisque
418 535 587 600 sequeretur.
623 538 665 586 44.
695 532 830 598 Quorsum
860 532 947 601 igitur
975 536 1034 586 tarn
1106 556 1109 564 ·

182 609 269 662 multa
281 608 317 663 de
328 608 489 676 voluptatei
526 607 596 671 Quia
607 624 662 662 non
679 608 760 662 modo
772 608 939 678 vituperatio
951 609 1033 678 nulla,

183 685 233 741 sed
245 684 328 738 etiam
340 700 446 738 summa
456 683 516 737 laus
528 684 678 738 senectutis
691 687 735 739 est
747 684 823 752 quod
834 701 867 738 ea
879 684 1034 753 voluptates

182 759 271 814 nullas
282 776 381 828 magno
393 775 476 828 opere
489 759 637 814 desiderat.
668 760 709 814 At
720 764 798 815 caret
809 760 898 829 epulis
910 764 1035 814 exstrue

139 861 150 878 ν
182 837 275 905 tisque
302 836 403 889 mensis
432 837 462 889 et
491 835 682 903 frequentibus
710 836 823 904 poculis
855 836 940 891 Caret
969 853 1035 904 ergo

183 911 267 967 etiam
281 910 431 966 vinolentia
449 915 479 966 et
492 911 630 966 cruditate
647 915 677 966 et
691 912 841 966 insomniis.
877 912 933 967 Sed
946 912 969 965 si
986 913 1035 966 ali-

184 987 252 1057 quid
264 987 385 1041 dandum
397 990 440 1042 est
452 988 594 1056 voluptati,
607 988 737 1057 quoniam
749 987 810 1057 ejus
826 987 969 1042 blanditiis
981 1004 1035 1042 non

183 1064 263 1118 facile
286 1063 451 1134 obsistimus,
470 1063 561 1118 divine
585 1065 659 1118 enim
683 1064 763 1119 Plato
787 1080 877 1118 escam
901 1065 1035 1118 malorum

183 1141 304 1210 appellat
315 1140 491 1209 voluptatem,
503 1142 579 1209 quod
595 1158 628 1195 ea
646 1140 774 1196 videlieet
792 1139 917 1194 homines
929 1141 1036 1209 ‹apian-

183 1220 230 1271 tur
241 1220 274 1271 ut
285 1217 366 1271 hamo
377 1217 474 1285 pisces,
483 1233 648 1286 quamquam
660 1216 849 1270 immoderatis
861 1216 951 1284 epulis
959 1220 1036 1270 earet

183 1296 316 1358 senectus,
345 1293 460 1346 modieis
490 1295 585 1346 tamen
613 1292 744 1345 conviviis
773 1294 867 1361 potest
895 1291 1036 1345 delectari.

184 1368 215 1422 (l.
227 1368 356 1436 Dulium,
369 1367 408 1420 M.
421 1367 458 1433 R,
471 1367 520 1435 qui
539 1367 647 1420 Poenos
664 1367 750 1420 classe
768 1366 873 1435 primus
889 1366 1036 1435 devicerat,

184 1443 351 1498 redeuntem
368 1458 482 1496 acoena
494 1459 588 1496 senem
606 1458 689 1510 saepe
700 1441 828 1495 ridebam
846 1458 929 1510 puer;
947 1441 1036 1496 delec-

185 1518 298 1572 tabatur
309 1517 405 1571 crebro
417 1517 502 1571 funali
515 1519 544 1570 et
555 1517 669 1571 tibicine
678 1533 749 1587 quae
761 1516 813 1571 sibi
825 1517 899 1571 nullo
911 1517 1036 1586 exemplo

185 1588 309 1663 ¹1'ur'vatus
320 1595 488 1661 sumpserat:
506 1595 614 1647 tantum
626 1593 753 1648 licentiae
766 1592 852 1648 dabat
863 1594 957 1662 gloria
994 1600 1036 1649 45.

186 1669 242 1725 Sed
254 1669 322 1739 quid
334 1684 386 1737 ego
397 1669 481 1722 aliosi
519 1668 568 1722 Ad
584 1670 720 1740 meipsum
734 1669 940 1739 Jemrerertar.
978 1669 1036 1724 Pri-

185 1764 261 1801 mum
285 1745 369 1799 habui
397 1762 506 1814 semper
535 1746 649 1801 sedales
685 1746 852 1801 Sodalitates
875 1749 968 1800 autem
991 1763 1036 1801 me

186 1825 331 1891 quaestore
345 1821 511 1876 constitutae
523 1828 595 1890 sunt,
603 1822 689 1877 sacris
702 1822 795 1876 Idaeis
808 1823 926 1891 Magnae
938 1821 1036 1877 Matris

108 1948 114 1959 ,
184 1898 311 1968 acceptis.
347 1896 486 1967 Epulabar
505 1898 591 1967 igitur
607 1915 670 1952 eum
690 1898 831 1953 sodalibus
849 1899 959 1952 omnino
980 1916 1037 1953 me

186 1975 253 2041 dice,
267 1973 316 2028 sed
334 1977 395 2027 erat
412 1974 525 2042 quidam
541 1975 633 2029 fervor
649 1975 824 2043 aetatisque
841 1974 1037 2043 progrediente

184 2050 275 2104 omnia
287 2050 357 2103 fiunt
368 2049 396 2103 in
409 2050 469 2104 dies
481 2050 599 2104 mitiora
634 2050 734 2119 Neque
751 2050 823 2104 enim
841 2050 963 2119 ipsorum
975 2067 1037 2104 con-

186 2126 318 2181 viviorum
350 2125 560 2181 delectationem
584 2125 773 2195 voluptatibus
803 2127 924 2195 eorporis
950 2127 1038 2195 magis

186 2218 270 2271 quam
284 2205 365 2256 coetu
384 2202 531 2256 amicorum
547 2205 577 2256 et
596 2201 767 2255 sermonibus
783 2201 926 2256 metiebar.
961 2202 1038 2256 Bene

186 2278 259 2333 enim
271 2278 390 2347 majores
401 2278 488 2331 nostri
505 2277 705 2331 accubitionem
722 2278 862 2347 epularem
879 2277 1037 2344 amicorum,

185 2354 252 2424 quia
268 2354 343 2408 vitae
364 2352 585 2421 conjunctionem
606 2352 729 2420 haberet,
748 2353 900 2406 convivium
919 2352 1039 2406 nomina

186 2434 265 2495 runt;
283 2429 380 2483 melius
393 2445 475 2497 quam
488 2428 586 2482 Graeci
599 2428 648 2497 qui
666 2429 718 2481 hoc
731 2428 807 2482 idem
823 2431 883 2482 tum
901 2432 1039 2498 compota-

186 2504 299 2571 tionem‚
323 2508 384 2557 tum
407 2504 647 2558 concoenationem
670 2506 783 2569 vocant3
807 2508 839 2558 ut
862 2503 937 2573 quod
959 2504 988 2558 in
1007 2522 1040 2559 eo

187 2596 289 2649 genere
302 2580 445 2634 minimum
458 2585 501 2635 est
513 2579 542 2633 id
554 2580 674 2634 inanime
686 2580 804 2649 probare
815 2579 969 2635 rideantur.

242 2655 320 2710 XIV.
356 2662 397 2711 46.
433 2656 492 2725 Ego
509 2673 575 2711 vero
591 2664 708 2725 propter
725 2656 858 2710 sermonis
879 2656 1040 2711 delectatio

187 2738 252 2786 bem
270 2732 442 2801 tempestivis
466 2748 576 2802 quoque
599 2732 729 2786 conviviis
753 2731 882 2801 delector,
904 2749 955 2787 nee
977 2750 1039 2787 oum

187 2808 348 2877 aequalibus
360 2808 447 2863 solum
466 2809 513 2877 qui
531 2808 611 2877 pauci
623 2807 773 2862 admodum
785 2812 897 2874 restant,
910 2809 960 2862 sed
978 2826 1038 2862 cum

187 2887 281 2937 vestra
299 2883 383 2937 etiam
401 2887 492 2939 aetate
510 2888 595 2953 atque
613 2884 771 2949 vobiscum
788 2883 931 2953 habeoque
949 2900 1041 2938 senec-

187 2958 243 3014 tuti
262 2976 389 3027 magnam
409 2960 526 3029 gratiam
548 2976 619 3029 quae
639 2959 706 3013 mihi
725 2960 858 3013 sermonis
878 2959 1040 3013 aviditatem

187 3034 266 3089 auxit
296 3035 414 3103 potionis
433 3040 463 3091 et
481 3036 536 3091 cibi
556 3037 676 3091 sustulit.
713 3036 793 3100 Quod
814 3035 938 3103 siquem
958 3034 1041 3087 etiam

187 3111 242 3165 ista
254 3111 402 3180 delectant,
414 3129 450 3166 nc
462 3113 572 3166 omnino
583 3112 687 3167 bellum
698 3110 831 3164 indixisse
841 3110 937 3164 videar
948 3108 1041 3177 volup

189 3187 243 3243 tati
260 3186 339 3257 cujus
357 3192 401 3243 est
418 3188 502 3243 etiam
519 3188 637 3243 fortasse
654 3186 769 3257 quidam
791 3182 924 3239 naturalis
941 3185 1039 3237 motus
