2250 3450
116 200 146 245 '26
347 194 384 244 M.
402 193 531 243 TULLII
548 193 741 244 CICERONIS

115 276 268 331 animorum
279 273 461 342 disseruisset,
473 275 497 329 is
509 275 556 344 qui
573 280 647 330 esset
665 276 787 331 omnium
802 278 968 348 sapientissi-

116 370 177 407 mus
201 351 310 406 oraculo
336 350 470 439 Apollinis
485 350 636 418 judicatus.
679 351 753 417 Quid
776 354 882 410 multal
925 357 971 421 ste

116 429 182 482 mihi
202 427 334 498 persuasi,
353 427 391 480 sic
410 427 505 495 sentio,
525 444 609 496 quum
627 430 705 481 tanta
722 428 851 484 celeritas
868 432 967 490 animo.

84 516 88 526 “
115 522 177 559 rum
201 504 244 572 sit,
264 507 342 558 tanta
365 503 498 557 memoria
520 503 735 572 praeteritorum
759 505 970 579 futurorumque

115 546 270 650 prudentia,
288 582 332 634 tot
348 582 430 648 artes,
449 582 544 633 tantae
563 578 701 646 scientiae,
717 583 761 634 tot
779 581 897 646 inventa,
915 599 969 642 non

116 673 196 726 posse
208 673 268 710 eam
285 659 411 709 naturam
427 671 498 723 quae
514 671 560 709 res
578 671 625 708 eas
643 655 781 711 contineat
797 674 858 712 esse
868 662 966 720 morta

115 733 183 788 lom:
202 747 341 802 quumque
358 747 466 800 semper
484 731 607 799 agitetur
621 731 730 785 animus
742 749 793 786 nec
803 733 969 802 principium

116 813 208 863 motus
230 807 337 872 habeat,
356 807 421 876 quia
440 823 469 862 se
483 807 545 875 ipse
561 811 678 876 moveat,
697 824 734 862 ne
753 808 837 861 finem
857 808 969 877 quidem

116 884 194 942 imbit
194 900 273 938 urum
287 899 347 937 esse
358 886 456 951 motus,
469 884 533 952 quia
544 899 685 952 nunquam
697 900 727 937 se
737 883 798 952 ipse
810 885 849 939 sit
859 885 967 945 relictu

116 977 177 1026 rus;
190 963 219 1014 et
231 977 315 1029 quum
328 959 444 1028 simplex
453 975 536 1012 ammi
547 962 732 1013 naturaesset
732 976 841 1028 ,neque
853 961 970 1016 haberet

115 1037 144 1089 in
166 1053 196 1090 se
214 1035 363 1104 quidquam
384 1034 538 1088 admixtum
554 1034 648 1122 dispar
665 1034 707 1088 sui
724 1039 809 1104 atque
828 1036 969 1112 dissimile

115 1128 169 1165 non
189 1127 270 1180 posse
288 1127 351 1164 eum
370 1110 470 1176 diridi3
495 1111 570 1179 quod
590 1110 685 1164 sinon
703 1111 797 1180 possit,
816 1129 870 1164 non
888 1130 970 1182 posse

115 1187 243 1242 interire:
260 1203 416 1254 magnoque
433 1202 494 1240 esse
508 1190 671 1273 argumento
689 1187 813 1241 homines
830 1188 901 1242 scire
912 1189 969 1256 ple-

116 1279 202 1332 raque
213 1265 278 1316 ante
289 1279 371 1331 quam
383 1261 441 1316 nati
454 1263 516 1329 sint,
533 1261 634 1331 quod'
621 1278 681 1331 Jam
693 1263 781 1331 pueri,
794 1280 879 1332 quum
891 1267 969 1317 artes

61 1385 70 1402 ,
117 1339 240 1393 difficiles
258 1339 372 1405 discant,
392 1338 431 1392 ita
451 1338 579 1392 celeriter
601 1354 646 1392 res
664 1339 878 1393 innumerabiles
901 1340 968 1393 arri-
1031 1377 1040 1387 .
1088 1339 1093 1348 ‘

115 1416 193 1485 piant
210 1418 242 1469 ut
259 1431 305 1469 eas
322 1430 376 1468 non
394 1417 454 1467 tum
470 1414 590 1482 primum
608 1414 732 1482 accipere
743 1415 897 1484 rideantur,
917 1415 968 1470 sed

116 1491 252 1546 reminisci
263 1494 293 1544 et
304 1490 450 1544 recordari.
487 1490 566 1544 Haec
578 1490 701 1545 Platonis
711 1490 778 1544 iere.

168 1567 264 1621 XXII.
311 1569 351 1624 79.
383 1565 468 1635 Apud
492 1565 702 1634 Xenophontem
732 1570 825 1621 autem
847 1566 968 1621 moriens

117 1643 205 1712 Cyrus
216 1641 305 1712 major
316 1642 382 1695 hace
395 1641 476 1696 dicit:
495 1643 510 1668 “
519 1642 544 1694 N
546 1642 613 1696 olite
630 1641 767 1711 arbitrari,
778 1658 795 1696 o
806 1642 874 1696 mihi
886 1643 968 1696 caris

117 1718 246 1787 similini,
258 1736 304 1772 rue
315 1734 399 1787 quum
411 1735 428 1771 a
439 1717 517 1771 vobis
532 1717 685 1773 discessero
699 1735 835 1787 nusquam
847 1721 897 1773 aut
909 1719 968 1772 nul-

116 1796 174 1849 lum
185 1795 249 1849 iore.
271 1794 297 1847 N
300 1810 330 1847 oc
342 1794 415 1847 eninr
427 1794 493 1847 dum
505 1810 581 1847 eram
593 1795 732 1848 vobiscum
744 1795 865 1848 animum
876 1811 968 1848 meum

116 1870 259 1935 videbatis,
272 1869 322 1923 sed
334 1886 396 1922 eum
408 1885 469 1923 esse
480 1870 508 1922 in
520 1869 571 1923 hoc
583 1887 696 1939 corpore
708 1887 743 1924 ex
755 1870 790 1924 iis
801 1871 883 1924 rebus
900 1887 969 1939 quas

116 1947 246 2015 gerebam
261 1945 465 2013 intelligebatis.
500 1946 626 1999 Eundem
643 1946 731 2013 igitur
747 1963 810 2000 esse
825 1946 969 2012 creditote‚

65 2035 73 2054 ι
117 2024 201 2077 etiam
214 2023 237 2075 si
248 2022 353 2075 nullum
364 2020 501 2075 videbitis.
536 2027 578 2076 80.
602 2022 629 2075 N
630 2038 662 2076 ec
673 2038 739 2076 vero
751 2022 886 2075 clarorum
898 2022 969 2075 viro

117 2116 178 2152 rum
190 2101 254 2167 post
265 2101 381 2151 mortem
397 2096 513 2151 honores
525 2102 726 2166 permanerent,
745 2098 769 2151 si
787 2098 856 2152 nihil
873 2114 968 2152 eorum

117 2176 238 2243 ipsorum
261 2172 345 2227 animi
368 2173 507 2227 efficerent
530 2190 588 2241 quo
614 2172 719 2227 diutius
743 2175 901 2235 memoriam
926 2174 969 2227 sui

118 2254 280 2305 teneremus.
317 2248 387 2302 Mihi
408 2248 520 2318 quidem
539 2252 678 2318 nunquam
698 2250 857 2319 persuaderi
878 2254 927 2338 pot
915 2250 969 2304 tuit

118 2326 221 2379 animos
245 2325 339 2378 dum
331 2342 360 2377 m
383 2325 543 2413 corporibus
564 2328 656 2379 essent
644 2324 843 2379 imortalibus
868 2327 969 2393 vivero,
1058 2387 1062 2395 Ι

118 2419 202 2472 quum
214 2401 334 2477 exissent
347 2414 381 2455 cx
393 2401 426 2455 iis
438 2401 538 2455 emori.
556 2417 609 2455 ncc
619 2418 686 2454 vero
696 2404 755 2454 tum
771 2402 894 2478 animum
909 2419 970 2455 esse

118 2478 291 2565 insipientem
308 2494 393 2547 quum
410 2494 446 2531 ex
463 2476 604 2546 insipienti
621 2493 735 2547 corpore
753 2466 900 2543 evasisset3
919 2477 970 2531 sed

118 2571 202 2623 quum
214 2570 288 2607 omm
279 2552 467 2606 admixtione
476 2552 598 2621 corporis
614 2552 715 2607 liberat
703 2557 748 2607 tus
760 2570 846 2621 purus
859 2557 889 2607 et
901 2554 970 2607 inte-

117 2646 168 2697 ger
184 2645 244 2683 esse
261 2628 403 2697 coepisset,
421 2632 481 2682 tum
500 2645 561 2682 esse
578 2628 737 2697 sapientem.
777 2631 873 2698 Atque
885 2630 970 2689 etiam

118 2722 203 2775 quum
230 2704 346 2757 hominis
375 2707 474 2757 natura
500 2707 591 2758 morte
618 2702 784 2769 dissolvitur,
815 2693 977 2758 ceterarum

119 2796 210 2835 rerum
226 2780 400 2848 perspicuum
418 2783 461 2833 est
480 2795 534 2847 quo
550 2796 677 2848 quaeque
701 2745 842 2843 discedat;
866 2780 971 2836 abeunt

119 2857 191 2909 enim
209 2855 274 2907 illue
290 2856 380 2907 omnia
398 2855 471 2908 unde
488 2859 549 2907 orta
568 2859 646 2918 sunt;
662 2856 769 2908 animus
787 2859 880 2908 autem
897 2856 971 2909 solus

119 2947 169 2987 nec
181 2946 265 2998 quum
277 2930 357 2982 adest
369 2946 419 2982 nec
432 2946 515 2997 quum
528 2930 649 2984 discedit
666 2934 790 2999 apparet.
828 2931 847 2983 J
849 2948 893 2984 am
905 2948 971 2984 vero

119 3007 219 3061 videtis
231 3004 298 3057 nihil
310 3021 370 3058 esse
382 3006 464 3058 morti
476 3009 534 3059 tam
551 3007 638 3059 simile
656 3023 738 3074 quam
757 3023 890 3060 somnum.
929 3013 971 3061 81.

121 3082 211 3151 Atqui
230 3080 424 3134 dormientium
445 3082 527 3134 animi
546 3082 666 3135 maxime
685 3082 825 3135 declarant
844 3082 971 3136 divinita-

120 3162 177 3212 tem
201 3174 293 3222 suam;
317 3155 405 3217 multa
428 3156 499 3208 enirn
524 3174 609 3224 quum
628 3157 736 3211 remissi
757 3163 786 3211 et
805 3157 883 3210 liberi
907 3161 970 3210 sunt

123 3234 214 3287 ‘utura
233 3232 409 3303 prospiciunt
446 3232 489 3285 lix
510 3248 564 3301 quo
584 3232 748 3301 intelligitur
769 3232 866 3303 quales
884 3233 973 3291 futuri

736 3384 792 3434 «Ψ
