2250 3450
92 89 124 167 ιιι
433 80 609 161 nersronn

89 213 124 250 ne
136 197 217 250 domo
230 193 341 262 quidem
360 197 389 248 et
410 193 532 248 cubiculo
553 211 614 249 esse
636 195 772 251 exclusam
794 200 860 264 tu0;
884 202 944 253 toto

89 268 266 340 denique[in]
275 269 388 337 imperio
398 271 465 324 nihil
478 270 606 325 acerbum
619 289 685 340 esse,
697 273 764 326 nihil
772 274 891 341 crudele,
904 281 944 330 at

89 347 243 417 quaomnia
255 345 336 412 plena
347 345 515 414 clementiae,
528 349 751 418 mansuetudinis,
758 348 943 406 humanitatis.

147 423 199 476 IX.
218 427 259 476 26.
284 421 423 485 Quantum
443 438 508 475 roro
527 423 595 476 illud
612 427 654 476 est
673 423 835 478 beneficium
854 430 942 494 tuum,

89 499 163 567 qnod
187 498 280 566 iniquo
305 499 334 549 et
357 497 434 564 gravi
455 498 583 566 vectigali
607 499 730 553 aedilicio
751 517 812 554 cum
836 503 943 569 magnis

90 575 190 628 nostris
211 572 395 626 simultatibus
415 573 510 626 Asiam
527 574 657 628 liberasti
704 575 813 629 Etenim
834 578 857 630 si
873 595 943 632 unus

87 651 168 703 homo
181 649 278 703 nobilis
295 649 420 715 queritur
438 649 528 717 palam
547 654 577 705 te
597 651 671 719 quod
693 650 819 718 edixeris,
842 667 879 704 nn
904 669 942 706 sn

88 742 176 780 nunos
189 740 328 779 rncunmn
341 740 594 793 nacnnrnnnnrun,
608 727 666 780 Hs
680 741 712 780 cc
731 727 783 780 sibi
801 728 941 796 eripuisse,

88 807 191 871 quanta
207 801 318 855 tandem
331 801 445 868 pecunia
454 802 637 869 penderetur,
655 803 678 856 si
695 803 814 855 omniurn
834 805 942 858 nomine

88 878 252 947 quicumque
277 876 380 930 Romae
396 877 483 937 ludos
501 878 624 932 lacerent
647 878 722 946 quod
743 882 804 933 erat
818 878 878 947 jarn
902 882 941 934 iri-

87 955 214 1008 stitutum
239 955 417 1020 erogareturi
454 954 624 1022 Quamquam
643 954 693 1006 has
711 955 835 1022 querelae
856 955 941 1010 homi-

87 1047 152 1083 uum
164 1033 319 1083 nostrorum
336 1029 382 1082 illo
399 1029 509 1082 oonsilio
524 1030 716 1098 oppressimus,
736 1030 810 1098 quod
828 1031 856 1084 in
874 1033 940 1086 Asia

86 1107 176 1160 nescio
189 1121 307 1174 quonam
319 1105 400 1158 modo
413 1104 517 1158 Romae
533 1105 645 1173 quidam
661 1123 715 1159 non
731 1105 862 1160 mediocri
879 1125 941 1162 cnm

87 1182 267 1236 admiratione
278 1181 414 1248 laudatur,
433 1181 626 1249 quod-quum
643 1181 679 1234 ad
696 1181 829 1250 templum
849 1201 941 1237 mouu-

87 1262 264 1327 mentumque
290 1260 412 1310 uostrum
439 1257 564 1311 civitates
594 1259 722 1326 pecunias
746 1257 939 1330 decrevissent,

87 1351 225 1403 quumque
242 1333 272 1386 id
293 1336 322 1386 ot
340 1349 390 1401 pro
410 1333 478 1385 meis
502 1334 608 1400 magnis
631 1334 736 1387 meritis
758 1338 787 1387 et
810 1351 861 1403 pro
885 1336 941 1390 tuis

86 1411 211 1464 maximis
223 1409 362 1463 beneficiis
375 1425 479 1461 summa
490 1425 538 1462 sua
550 1409 691 1463 voluntate
703 1409 837 1478 fecissent,
856 1411 940 1464 norni-

86 1487 226 1554 natimque
238 1486 283 1538 lex
293 1484 433 1552 exciperet
452 1499 489 1538 un
508 1499 545 1549 sn
566 1499 703 1538 unnrnum
726 1500 940 1540 nortmannum-

87 1561 165 1631 [ουκ]
178 1576 286 1614 osenna
306 1576 430 1626 mossur,
450 1577 590 1629 quumque
610 1560 639 1613 id
658 1561 732 1630 quod
752 1560 869 1615 dabatur
887 1579 940 1616 non

87 1642 160 1692 esset
178 1637 361 1702 interiturum,
382 1637 430 1690 sed
450 1636 478 1689 in
498 1637 665 1690 ornamentis
684 1637 781 1706 templi
809 1638 939 1706 futurum,

86 1717 119 1770 ut
146 1731 200 1769 non
228 1712 294 1766 mihi
314 1712 406 1781 potius
434 1730 516 1781 quam
543 1713 644 1782 populo
668 1713 791 1767 Romano
816 1732 849 1768 ac
879 1714 940 1768 Diis

86 1790 286 1844 immortalibus
307 1788 402 1842 datum
423 1789 691 1843 videretur-tamen
715 1790 745 1842 id
763 1791 792 1843 in
810 1807 864 1859 quo
880 1793 940 1844 erat

87 1867 214 1934 dignitas,
235 1868 295 1918 crat
315 1863 368 1930 lex,
389 1868 449 1917 erat
468 1882 562 1918 eorum
584 1866 631 1933 qui
648 1865 785 1920 faciebant
806 1868 939 1934 voluntas,

86 1942 273 2012 accipiendum
285 1956 338 1993 non
350 1940 451 2008 putavi,
462 1958 546 2009 quum
559 1941 619 1994 aliis
632 1943 667 1995 de
680 1942 768 1995 <ausis
780 1946 839 1995 turn
857 1944 939 1996 etiarn

86 2023 118 2073 ut
130 2019 219 2073 animo
231 2016 361 2085 aequiore
379 2016 484 2070 ferrent
502 2016 522 2069 ii
542 2016 640 2085 quibus
657 2034 707 2071 nec
726 2017 875 2071 deberetur
890 2035 940 2071 nec

87 2095 189 2149 liceret.
224 2096 265 2150 27.
285 2093 458 2161 Quapropter
476 2092 602 2146 incumbe
617 2097 676 2147 toto
694 2093 784 2146 animo
801 2096 829 2147 et
849 2093 940 2147 studio

87 2170 161 2224 omni
171 2169 200 2222 in
216 2186 277 2223 eam
293 2169 427 2222 rationem
447 2186 502 2238 qua
518 2168 609 2223 adhuc
623 2186 689 2223 usus
702 2186 739 2237 es,
756 2172 788 2222 ut
806 2186 852 2223 eos
871 2186 939 2238 quos

87 2249 151 2301 tuae
175 2244 240 2299 fidei
263 2245 449 2314 potestatique
473 2245 589 2299 Senatus
610 2245 780 2313 populusque
802 2245 940 2299 Romanus

88 2322 224 2377 commisit
236 2323 265 2376 ct
279 2321 399 2375 credidit
415 2321 521 2390 diligas,
535 2325 564 2375 et
581 2322 653 2375 omni
672 2322 777 2375 ratione
796 2324 892 2376 tueare
908 2325 939 2375 ut

77 2416 148 2453 esse
157 2415 239 2468 quam
251 2395 424 2451 beatissimos
433 2398 507 2451 velis.
545 2398 661 2463 Quodsi
677 2402 707 2451 te
726 2414 784 2451 sors
799 2396 875 2451 Afris
892 2400 940 2452 aut

89 2475 219 2544 Hispanis
230 2477 278 2528 aut
291 2473 376 2527 Gallis
387 2475 571 2543 praefecisset,
588 2473 751 2528 immanibus
768 2490 800 2527 ac
815 2472 939 2526 barbaris

87 2551 250 2619 nationibus,
277 2554 369 2605 tamen
399 2554 472 2604 esset
499 2550 678 2604 humanitatis
707 2552 772 2603 tuae
800 2550 940 2603 consulere

88 2644 181 2681 eorum
200 2627 348 2681 commodis
367 2630 396 2680 et
414 2626 529 2680 utilitati
548 2626 685 2696 salutique
705 2626 814 2680 servire.
850 2625 939 2689 Quum

88 2719 152 2757 vero
168 2703 194 2757 ei
212 2702 306 2770 generi
324 2701 464 2756 hominum
485 2702 643 2771 praesimus,
664 2719 717 2756 non
738 2702 820 2755 modo
840 2701 939 2769 inquo

88 2778 202 2847 ipsasit
220 2776 370 2832 sedetiam
391 2796 408 2832 a
432 2796 486 2847 quo
507 2779 543 2832 ad
562 2779 629 2833 alios
647 2778 804 2847 pervenisse
827 2780 941 2846 putetur

87 2853 247 2919 humanitas,
259 2857 335 2908 certe
349 2854 383 2907 iis
399 2871 459 2907 eam
477 2854 648 2921 potissimum
667 2853 791 2907 tribuere
808 2853 827 2907 d
863 2869 940 2907 emus

87 2928 213 2997 aquibus
225 2929 386 2997 accepimus.
420 2936 461 2983 28.
479 2930 504 2981 N
507 2947 541 2982 on
553 2930 626 2982 enirn
642 2946 686 2983 me
704 2930 755 2982 hoc
768 2928 828 2996 jam
848 2927 940 2982 dicere

89 3004 212 3073 pudebit,
224 3005 386 3071 pracsertim
395 3004 423 3056 in
437 3022 469 3057 ea
484 3004 540 3058 vita
556 3007 640 3073 atque
656 3006 683 3057 in
702 3004 736 3057 iis
752 3004 834 3057 rebus
854 3003 940 3071 gestis

89 3080 117 3130 in
130 3078 229 3145 quibus
240 3095 294 3131 non
305 3082 396 3147 potest
408 3080 530 3132 residere
548 3079 665 3134 inertiae
682 3083 730 3133 aut
746 3079 866 3133 levitatis
884 3078 941 3132 ulla

90 3153 215 3220 suspicio,
236 3168 286 3205 uos
309 3158 342 3205 ea
366 3167 436 3220 quae
459 3154 597 3206 consecuti
618 3171 710 3207 sumus
731 3154 763 3207 iis
788 3153 887 3207 studiis
911 3156 941 3207 et
