2250 3450
310 157 475 206 LAELIUS.
510 156 589 204 OAP.
606 153 715 203 XVIII.
733 154 813 202 XIX.
961 155 993 200 49

137 235 290 291 dimentnm
313 235 458 293 amicitiae.
494 235 620 290 Tristitia
643 237 735 288 autem
759 236 789 288 et
812 233 840 287 in
864 232 938 286 omni
961 248 993 286 re

137 313 269 366 severitas
290 310 374 365 habet
394 312 442 364 illa
463 311 577 379 quidem
600 309 774 378 gravitatem,
800 309 850 363 sed
873 308 994 362 amicitia

136 388 274 442 remissior
287 403 347 442 csse
361 385 446 441 debet
458 391 487 440 et
499 386 611 440 liberior
622 389 652 439 et
666 385 772 438 dulcior
788 388 818 439 et
834 383 871 438 ad
885 399 993 439 omnem

137 465 294 518 comitatem
306 462 523 531 facilitatemque
534 462 687 532 proclivior.

189 541 267 594 XIX.
286 544 326 598 67.
344 538 461 592 Exsistit
473 542 567 592 autem
579 538 701 592 hocloco
715 537 848 604 quaedam
867 538 994 607 quaestio

137 616 321 671 subdifficilis:
346 631 412 669 num
433 615 543 684 quando
564 614 645 668 amici
668 614 739 681 novi,
763 607 839 681 digni
863 613 993 678 amicitia,

136 694 275 747 veteribus
300 692 355 746 sint
378 691 573 760 anteponendi,
596 694 628 744 nt
652 691 731 760 cquis
754 690 856 743 vetulis
882 692 993 742 teneros

136 773 302 838 anteponere
322 768 446 822 solemus.
482 767 603 836 Indigna
620 766 730 821 homine
749 765 893 819 dubitatio.
929 764 993 819 Non

136 845 210 899 enim
236 843 418 897 amicitiarum
444 843 548 898 debent
574 859 635 898 esse
662 844 733 896 sicut
759 841 874 895 aliarum
899 858 993 896 rarum

136 920 287 974 satietates.
325 919 483 973 Veterrima
496 935 630 989 quaeque,
644 922 676 972 ut
691 935 726 972 ea
738 918 802 972 vina
816 935 887 987 quae
902 921 993 971 vetus·

137 998 224 1050 tatem
242 995 342 1059 ferunt,
361 1011 422 1049 esse
440 994 545 1049 debent
563 995 737 1049 suavissima:
755 1010 906 1062 verumque
923 993 992 1047 illud

136 1075 180 1126 est
192 1071 267 1140 quod
279 1071 388 1138 dicitur,
401 1071 502 1124 multos
515 1071 622 1125 modios
634 1070 698 1125 salis
710 1070 791 1124 simul
800 1070 923 1124 edendos
932 1085 992 1124 esse
1005 1076 1011 1088 ⁸

135 1151 169 1201 ut
184 1147 320 1202 amicitiae
336 1165 434 1200 munus
449 1147 590 1214 expletum
602 1148 646 1201 sit.
683 1153 724 1201 68.
742 1146 769 1198 N
770 1145 886 1200 oritates
898 1151 991 1201 autem

137 1223 160 1277 si
179 1239 256 1292 spem
274 1223 393 1277 alienant
410 1226 442 1276 ut
460 1227 603 1291 tamquam
620 1222 648 1274 in
666 1220 761 1275 herbis
778 1237 832 1275 non
851 1222 992 1276 fallacibus

136 1299 242 1352 tructus
261 1301 400 1368 appareat,
419 1314 473 1350 non
495 1300 559 1350 sunt
577 1297 641 1350 illae
666 1297 778 1364 quidem
796 1297 992 1365 repudiandae,

71 1377 126 1474 {a
141 1378 264 1428 vetustas
276 1379 369 1427 tamen
381 1389 430 1426 suo
442 1372 501 1426 loco
515 1371 714 1426 conservanda:
729 1372 849 1425 maxima
863 1376 906 1426 est
920 1371 991 1425 enim

7 1445 11 1458 ⁵
137 1451 178 1503 vis
196 1449 344 1504 vetustatis
363 1452 392 1503 ct
410 1447 623 1502 consuetudinis.
659 1448 731 1512 Quin
749 1448 896 1516 ipsosque
914 1447 992 1516 cujus

136 1526 219 1579 modo
230 1524 397 1578 mentionem
408 1523 469 1590 feci,
481 1522 503 1576 si
515 1523 590 1576 nulla
599 1539 644 1576 res
652 1522 793 1592 impediat,
804 1539 883 1577 nemo
892 1523 992 1592 estqui

136 1617 191 1654 non
202 1616 235 1654 ec
247 1615 302 1668 quo
310 1599 451 1654 cousuevit
462 1598 593 1652 libentius
602 1603 699 1653 utatur
710 1615 792 1669 quam
804 1598 951 1654 intractato
962 1603 993 1656 et

137 1693 206 1731 novo
218 1696 223 1732 :
237 1692 288 1731 nec
298 1691 364 1730 vero
376 1675 403 1730 in
415 1675 466 1729 hoc
478 1674 553 1745 quod
565 1678 609 1730 est
620 1674 728 1744 animal,
744 1675 794 1730 sed
811 1675 839 1730 in
856 1676 891 1729 iis
909 1675 992 1731 etiam

138 1750 208 1822 quae
230 1756 293 1807 sunt
312 1750 432 1806 inanima
449 1753 620 1807 consuetudo
638 1752 719 1821 valet,
737 1768 821 1822 quum
839 1753 906 1807 locis
926 1753 992 1821 ipsis

138 1829 313 1896 delectemur,
327 1829 478 1883 montuosis
497 1828 581 1883 etiam
601 1832 631 1883 et
650 1828 830 1897 silvestribus,
845 1829 874 1882 in
893 1828 992 1898 quibus

139 1904 241 1958 diutius
265 1906 425 1959 commorati
449 1922 551 1961 sumus.
587 1911 628 1961 69.
653 1905 709 1959 Sed
735 1906 884 1958 maximum
903 1905 992 1959 estin

138 1980 257 2035 amicitia
267 1980 460 2051 [superiorem]
476 1998 570 2051 parem
583 1999 644 2037 esse
660 1982 799 2048 inferiori3
819 1997 901 2051 saepe
919 1981 992 2036 enim

138 2056 313 2111 excellentiae
322 2057 457 2127 quaedam
466 2062 537 2123 sunt,
546 2058 702 2126 qualiserat
711 2058 847 2128 Scipionis
855 2058 883 2111 in
891 2066 994 2125 nostro,

138 2135 170 2185 ut
178 2132 219 2185 ita
227 2132 323 2200 dicam,
332 2148 424 2201 grege.
440 2133 589 2200 Nunquam
599 2151 629 2187 se
638 2134 685 2188 ille
693 2133 779 2198 Philo,
787 2150 926 2203 nunquam
937 2134 993 2186 ltu-

137 2208 211 2277 pilio‚
222 2214 362 2277 uunquam
375 2208 509 2261 Mummio
521 2210 686 2277 anteposuit,
701 2226 841 2279 nunquam
856 2209 994 2263 inferioris

138 2283 240 2338 ordinis
264 2282 374 2338 amicis:
399 2282 430 2347 Q.
450 2299 515 2337 vcro
540 2283 692 2337 Maximum
710 2284 834 2353 fratrem,
852 2286 993 2352 egregium

137 2359 226 2412 virum
239 2359 354 2427 omnino,
367 2357 419 2411 sibi
432 2374 606 2426 nequaquam
621 2374 723 2426 parem,
740 2358 815 2427 quod
831 2359 855 2412 is
870 2358 994 2413 anteibat

138 2438 230 2488 astate
241 2438 384 2501 tamquam
397 2432 566 2499 superiorem
578 2433 693 2499 colebat,
706 2450 824 2502 suosque
837 2449 930 2487 omnes
944 2450 995 2502 per

138 2524 169 2563 sc
181 2526 243 2562 csse
255 2508 400 2576 ampliores
412 2506 530 2561 volebat.
567 2512 607 2565 70.
626 2508 707 2572 Quod
717 2508 872 2562 iaciendum
884 2509 994 2564 imitan-

140 2584 261 2652 dumque
273 2588 316 2636 est
328 2581 462 2650 omnibus,
474 2586 513 2648 ut,
526 2584 550 2637 si
564 2600 647 2653 quam
662 2585 860 2653 praestantiam
874 2586 993 2655 rimatis,

138 2659 248 2727 ingenii,
275 2660 401 2713 fortunae
427 2660 566 2726 consecuti
593 2663 665 2727 sunt,
691 2660 853 2730 impertiant
879 2678 912 2715 ea
937 2663 994 2717 suis

139 2736 393 2804 communicentque
411 2752 472 2790 cum
489 2736 639 2805 proximis3
656 2740 697 2804 ut,
716 2737 739 2791 si
756 2738 918 2807 parentibus
935 2739 994 2794 nati

138 2811 195 2865 siut
210 2811 366 2878 humilibus,
383 2812 406 2865 si
422 2813 592 2882 propinquos
607 2812 728 2869 babeant
743 2814 934 2869 imbecilliores
951 2816 994 2871 rel

138 2888 228 2942 animo
247 2888 290 2942 vel
307 2888 423 2955 fortuna,
441 2906 536 2943 corum
556 2894 676 2959 augeant
697 2908 763 2961 opes
784 2892 878 2960 eisque
899 2892 994 2948 honori

138 2964 194 3018 sint
209 2968 239 3019 et
255 2964 401 3033 dignitati:
415 2969 448 3019 ut
464 2966 492 3019 in
507 2966 615 3035 sabulis,
630 2968 677 3037 qui
694 2968 862 3037 aliquamdiu
880 2970 994 3035 propter

137 3040 337 3108 ignorationem
357 3042 456 3119 Qois
480 3045 509 3095 et
552 3044 643 3098 oneris
668 3044 697 3096 in
723 3045 858 3099 famulatu
883 3042 994 3106 merint,

137 3134 222 3186 quum
234 3117 336 3187 cogniti
350 3121 414 3171 suut
426 3122 455 3171 ct
467 3121 516 3172 aut
548 3136 644 3174 eorum
656 3124 704 3173 aut
715 3136 813 3188 regum
822 3120 872 3172 filii
881 3116 995 3182 inventi,

136 3194 259 3251 retinent
270 3198 365 3250 tamen
377 3194 522 3249 caritatem
534 3196 563 3249 in
575 3200 701 3266 pastores
713 3212 781 3252 onos
790 3198 886 3263 patres
893 3191 996 3247 multos
