2250 3450
83 158 94 174 κ
118 177 150 228 ‘28
222 175 260 225 M.
278 174 404 224 TULLII
421 175 613 226 CICERONIS
629 176 720 227 CATO
738 180 869 230 MAIOR.

117 258 256 313 lecerunt:
273 272 363 326 neque
380 273 425 312 me
441 257 543 312 vixisse
560 259 692 328 poenitet,
710 262 837 329 quoniam
855 262 896 318 ita
912 264 968 331 mi

118 338 151 388 ut
168 351 221 387 non
232 333 335 387 frustm
345 350 390 388 me
402 337 496 388 natum
508 334 663 388 existimem
671 356 678 401 ;
696 346 726 390 et
740 354 774 390 ex
790 339 848 393 rita
863 340 904 394 ita
915 341 968 395 dis

117 410 185 464 cedo
208 414 348 479 tamquam
371 427 406 465 ex
429 409 555 479 hospitio,
577 426 631 463 non
654 415 794 482 tamquam
817 431 853 468 ex
876 416 965 472 domo.

118 486 310 541 Commorandi
324 487 398 540 enim
409 490 509 541 natura
521 486 710 542 deversorium
726 489 814 557 nobis,
825 507 880 544 non
892 491 966 546 habi-

117 563 194 616 tandi
216 563 301 618 dedit.
338 569 378 618 85.
404 563 427 616 Ο
448 563 620 632 praeclarum
640 564 713 618 diem
735 583 818 635 quum
839 567 875 621 ad
898 567 967 621 illud

117 637 237 692 divinum
264 640 415 693 animorum
444 640 587 694 concilium
616 643 780 710 coetumque
804 643 966 708 proficiscar,

116 730 254 784 quumque
270 732 305 768 ex
316 715 367 770 hae
381 715 465 770 turba
482 719 511 769 et
529 715 679 770 colluvione
691 717 843 773 discedam!
881 718 966 773 Profi-

115 790 201 845 ciscar
212 792 285 844 enim
296 807 351 846 non
364 792 400 845 ad
412 808 459 846 eos
473 792 559 845 solum
575 792 647 844 viros
663 791 811 860 dequibus
823 797 888 848 ante
900 794 966 862 dixi,

115 883 210 921 verum
228 868 311 922 etiam
329 867 366 921 ad
384 868 515 922 Catonem
527 884 694 936 meumque
711 885 791 922 nemo
810 870 853 923 vir
869 870 967 926 melior

114 945 196 997 natus
208 947 258 1011 est,
274 961 354 998 nemo
365 944 469 1012 pietate
481 944 672 1013 praestantior,
688 944 767 1012 cujus
778 962 795 999 a
806 962 851 1000 me
866 961 965 1015 eorpus

114 1023 264 1073 crematum
281 1022 332 1088 est,
349 1021 424 1090 quod
440 1025 536 1075 contra
552 1019 647 1074 decuit
663 1021 699 1074 ab
718 1020 765 1074 illo
783 1038 890 1088 meum;
907 1023 964 1075 ani·

115 1111 175 1149 mus
193 1113 327 1150 veronen
346 1113 391 1150 me
408 1097 543 1164 deserens,
563 1096 613 1150 sed
628 1101 792 1166 respectans,
809 1098 838 1150 in
853 1115 886 1152 ea
898 1115 964 1167 ‚pro

113 1169 185 1225 fecto
198 1171 256 1226 loca
273 1172 398 1227 discessit
416 1190 470 1242 quo
489 1172 555 1225 mihi
573 1172 625 1241 ipsi
642 1173 772 1230 cernebat
784 1191 844 1227 esse
855 1174 963 1228 venien·

114 1247 187 1303 dum.
224 1248 311 1313 Quem
324 1265 374 1317 ego
386 1266 476 1302 meum
489 1265 582 1301 casum
598 1248 708 1303 fortiter
723 1249 796 1303 ferre
809 1250 883 1303 visus
895 1267 962 1320 sum,

113 1340 167 1378 non
187 1341 241 1394 quo
262 1341 349 1394 aequo
370 1325 460 1378 auimo
475 1325 583 1390 ferrem,
602 1323 652 1378 sed
667 1341 712 1379 me
729 1326 789 1394 ipse
804 1326 963 1380 consolabar

114 1400 273 1455 existimans
284 1418 337 1455 non
348 1401 525 1470 longinquum
537 1399 672 1454 internos
687 1401 841 1470 digressum
859 1406 888 1456 et
906 1402 962 1457 dis·

113 1493 219 1531 cessum
240 1478 306 1531 fore.
341 1483 382 1531 86.
407 1477 460 1530 His
477 1477 543 1530 mihi
564 1478 655 1544 rebus,
677 1477 776 1546 Scipio,
794 1477 825 1531 id
844 1477 917 1532 enim
932 1482 961 1532 te

113 1568 175 1606 cum
197 1552 288 1606 Laelio
307 1552 436 1606 admirari
456 1553 544 1607 solere
562 1552 665 1620 dixisti,
682 1553 750 1607 levis
768 1556 812 1607 est
828 1557 961 1620 senectus,

70 1679 72 1684 ,
113 1643 163 1683 nee
177 1628 264 1682 solum
279 1646 332 1682 non
345 1628 460 1682 molesta
471 1628 521 1682 sed
533 1628 616 1682 etiam
631 1627 761 1696 jucunda.
796 1629 876 1693 Quod
894 1629 917 1682 si
932 1631 961 1682 in

112 1703 164 1761 hoc
182 1721 244 1759 erro
265 1703 340 1774 quod
358 1706 460 1757 animos
478 1703 618 1759 homiuum
636 1703 804 1757 immortales
825 1720 885 1758 esse
904 1721 961 1759 cre-

113 1780 185 1848 dam,
197 1780 324 1834 lubenter
336 1796 413 1844 err03
430 1796 480 1833 nec
497 1779 565 1832 mihi
583 1779 655 1833 hunc
672 1794 793 1832 errorem
805 1795 860 1847 quo
872 1779 961 1835 delec-

113 1860 158 1911 tor
170 1857 234 1910 dum
247 1856 308 1909 vivo
320 1855 478 1924 extorqueri
490 1855 558 1909 volo.
594 1854 642 1908 Sin
653 1856 784 1918 mortuus,
802 1857 833 1907 ut
849 1855 961 1922 quidam

112 1933 211 1987 minuti
222 1931 374 2000 philosophi
389 1934 506 1995 censent,
523 1930 590 1983 nihil
605 1930 729 1991 sentiam,
748 1945 802 1983 non
814 1945 911 2003 vereor
925 1948 962 1987 ne

112 2008 183 2063 hunc
194 2011 315 2063 errorem
326 2024 418 2061 meum
430 2005 532 2060 mortui
542 2005 694 2075 philosophi
705 2003 846 2060 irrideant.
881 2005 960 2072 Quod

113 2086 135 2139 si
147 2103 201 2139 non
213 2101 305 2139 sumus
317 2083 484 2137 immortales
501 2082 595 2150 futuri,
613 2085 706 2137 tamen
721 2082 846 2150 extingui
858 2082 961 2137 homini

112 2178 161 2215 suo
172 2164 296 2228 tempore
314 2158 434 2227 optabile
448 2162 498 2214 est.
535 2158 561 2212 N
563 2175 608 2212 am
626 2157 709 2212 habet
728 2162 828 2212 natura
846 2162 879 2214 ut
897 2159 961 2214 alin-

112 2250 174 2291 rum
202 2236 320 2290 omnium
350 2252 441 2290 rerum
465 2237 503 2289 sie
525 2235 634 2289 vivendi
658 2233 776 2289 modum.
829 2234 960 2290 Senectus

111 2318 204 2369 autem
228 2314 328 2367 aetatis
351 2316 394 2367 est
416 2311 539 2382 peractio
566 2308 852 2379 tamquam'fabulae,
880 2310 960 2379 cujus

112 2390 335 2459 defatigationem
359 2390 455 2458 fugere
478 2387 619 2455 debemus,
642 2386 805 2457 praesertim
828 2387 960 2455 adjuncta
993 2396 995 2400 ’

112 2469 246 2523 'satietate
284 2468 361 2521 Haec
379 2464 462 2520 habui
479 2464 515 2519 de
535 2466 677 2518 senectute
691 2479 761 2531 quae
779 2462 906 2531 dicerem,
922 2464 959 2517 ad

112 2549 193 2614 quam
205 2545 309 2599 utinam
321 2541 493 2613 perveniatis,
503 2543 536 2595 ut
547 2556 582 2595 ea
596 2554 668 2610 quae
682 2553 717 2593 ex
732 2553 778 2593 me
794 2538 910 2595 audistis
926 2555 958 2594 re

112 2620 220 2691 experti
231 2620 347 2690 probare
357 2617 475 2694 possitis.
