<?xml version="1.0" encoding="UTF-8"?>
<!DOCTYPE html PUBLIC "-//W3C//DTD XHTML 1.0 Transitional//EN"
    "http://www.w3.org/TR/xhtml1/DTD/xhtml1-transitional.dtd">
<html xmlns="http://www.w3.org/1999/xhtml" xml:lang="en" lang="en">
 <head>
  <title>
</title>
<meta http-equiv="Content-Type" content="text/html;charset=utf-8" />
  <meta name='ocr-system' content='tesseract 3.04.00' />
  <meta name='ocr-capabilities' content='ocr_page ocr_carea ocr_par ocr_line ocrx_word'/>
</head>
<body>
  <div class='ocr_page' id='page_1' title='image "./catomajorsivede02cicegoog_0047.png"; bbox 0 0 2250 3450; ppageno 0'>
   <div class='ocr_carea' id='block_1_1' title="bbox 394 170 1035 223">
    <p class='ocr_par' dir='ltr' id='par_1_1' title="bbox 394 170 1035 223">
     <span class='ocr_line' id='line_1_1' title="bbox 394 170 1035 223; baseline 0.002 -3"><span class='ocrx_word' id='word_1_1' title='bbox 394 171 560 220; x_wconf 79' lang='lat' dir='ltr'>LAELIUS.</span> <span class='ocrx_word' id='word_1_2' title='bbox 595 171 672 219; x_wconf 84' lang='lat' dir='ltr'><strong>GAP.</strong></span> <span class='ocrx_word' id='word_1_3' title='bbox 688 170 741 218; x_wconf 92' lang='lat' dir='ltr'><strong>XI.</strong></span> <span class='ocrx_word' id='word_1_4' title='bbox 759 171 818 218; x_wconf 85' lang='lat' dir='ltr'><strong>XII</strong></span> <span class='ocrx_word' id='word_1_5' title='bbox 928 200 936 216; x_wconf 57' lang='grc' dir='ltr'>ι</span> <span class='ocrx_word' id='word_1_6' title='bbox 1005 174 1035 223; x_wconf 73' lang='lat'><strong>41</strong></span> 
     </span>
    </p>
   </div>
   <div class='ocr_carea' id='block_1_2' title="bbox 185 244 1038 475">
    <p class='ocr_par' dir='ltr' id='par_1_2' title="bbox 185 244 1038 475">
     <span class='ocr_line' id='line_1_2' title="bbox 185 244 1037 318; baseline -0.001 -9"><span class='ocrx_word' id='word_1_7' title='bbox 185 253 335 310; x_wconf 75' lang='lat' dir='ltr'><strong>amicitiam</strong></span> <span class='ocrx_word' id='word_1_8' title='bbox 353 265 463 306; x_wconf 87' lang='lat' dir='ltr'><strong>manere</strong></span> <span class='ocrx_word' id='word_1_9' title='bbox 480 250 503 304; x_wconf 90' lang='lat' dir='ltr'><strong>si</strong></span> <span class='ocrx_word' id='word_1_10' title='bbox 523 249 659 305; x_wconf 84' lang='lat' dir='ltr'><strong>avirtnte</strong></span> <span class='ocrx_word' id='word_1_11' title='bbox 675 250 818 307; x_wconf 82' lang='lat' dir='ltr'><strong>deieceris,</strong></span> <span class='ocrx_word' id='word_1_12' title='bbox 854 244 995 318; x_wconf 69' lang='lat' dir='ltr'><strong>3ssde</strong></span> <span class='ocrx_word' id='word_1_13' title='bbox 1014 255 1037 308; x_wconf 87' lang='lat' dir='ltr'><strong>si</strong></span> 
     </span>
     <span class='ocr_line' id='line_1_3' title="bbox 186 326 1037 399; baseline -0.001 -14"><span class='ocrx_word' id='word_1_14' title='bbox 186 335 292 385; x_wconf 91' lang='lat' dir='ltr'><strong>rectum</strong></span> <span class='ocrx_word' id='word_1_15' title='bbox 300 329 476 384; x_wconf 87' lang='lat' dir='ltr'><strong>statuerimus</strong></span> <span class='ocrx_word' id='word_1_16' title='bbox 492 327 537 382; x_wconf 85' lang='lat' dir='ltr'><strong>vel</strong></span> <span class='ocrx_word' id='word_1_17' title='bbox 555 326 704 381; x_wconf 86' lang='lat' dir='ltr'><strong>concedere</strong></span> <span class='ocrx_word' id='word_1_18' title='bbox 723 328 816 382; x_wconf 88' lang='lat' dir='ltr'><strong>amicis</strong></span> <span class='ocrx_word' id='word_1_19' title='bbox 836 329 972 399; x_wconf 87' lang='lat' dir='ltr'><strong>quidquid</strong></span> <span class='ocrx_word' id='word_1_20' title='bbox 992 347 1037 385; x_wconf 88' lang='lat' dir='ltr'><strong>ve-</strong></span> 
     </span>
     <span class='ocr_line' id='line_1_4' title="bbox 186 402 1038 475; baseline 0.001 -14"><span class='ocrx_word' id='word_1_21' title='bbox 186 406 238 461; x_wconf 89' lang='lat' dir='ltr'><strong>lint</strong></span> <span class='ocrx_word' id='word_1_22' title='bbox 261 407 304 460; x_wconf 90' lang='lat' dir='ltr'><strong>vel</strong></span> <span class='ocrx_word' id='word_1_23' title='bbox 327 407 476 474; x_wconf 88' lang='lat' dir='ltr'><strong>impetrare</strong></span> <span class='ocrx_word' id='word_1_24' title='bbox 497 403 534 458; x_wconf 79' lang='lat' dir='ltr'><strong>ali</strong></span> <span class='ocrx_word' id='word_1_25' title='bbox 561 403 595 456; x_wconf 89' lang='lat' dir='ltr'><strong>iis</strong></span> <span class='ocrx_word' id='word_1_26' title='bbox 615 402 752 473; x_wconf 89' lang='lat' dir='ltr'><strong>quidquid</strong></span> <span class='ocrx_word' id='word_1_27' title='bbox 772 404 896 472; x_wconf 81' lang='lat' dir='ltr'><strong>velimus,</strong></span> <span class='ocrx_word' id='word_1_28' title='bbox 915 408 1038 475; x_wconf 72' lang='lat' dir='ltr'><strong>perfecta</strong></span> 
     </span>
    </p>
   </div>
   <div class='ocr_carea' id='block_1_3' title="bbox 85 479 1038 550">
    <p class='ocr_par' dir='ltr' id='par_1_3' title="bbox 85 479 1038 550">
     <span class='ocr_line' id='line_1_5' title="bbox 85 479 1038 550; baseline 0.001 -14"><span class='ocrx_word' id='word_1_29' title='bbox 85 533 87 546; x_wconf 88' lang='grc'>,</span> <span class='ocrx_word' id='word_1_30' title='bbox 186 483 298 550; x_wconf 91' lang='lat' dir='ltr'><strong>quidem</strong></span> <span class='ocrx_word' id='word_1_31' title='bbox 311 482 444 550; x_wconf 80' lang='lat' dir='ltr'><strong>sapientia</strong></span> <span class='ocrx_word' id='word_1_32' title='bbox 459 481 552 548; x_wconf 83' lang='lat' dir='ltr'><strong>simus,</strong></span> <span class='ocrx_word' id='word_1_33' title='bbox 572 480 597 534; x_wconf 88' lang='lat' dir='ltr'><strong>si</strong></span> <span class='ocrx_word' id='word_1_34' title='bbox 615 479 683 533; x_wconf 89' lang='lat' dir='ltr'><strong>nihil</strong></span> <span class='ocrx_word' id='word_1_35' title='bbox 702 480 804 536; x_wconf 85' lang='lat' dir='ltr'><strong>habeat</strong></span> <span class='ocrx_word' id='word_1_36' title='bbox 826 498 871 535; x_wconf 90' lang='lat' dir='ltr'><strong>res</strong></span> <span class='ocrx_word' id='word_1_37' title='bbox 892 482 966 537; x_wconf 83' lang='lat' dir='ltr'><strong>vitii:</strong></span> <span class='ocrx_word' id='word_1_38' title='bbox 988 481 1038 537; x_wconf 89' lang='lat' dir='ltr'><strong>sed</strong></span> 
     </span>
    </p>
   </div>
   <div class='ocr_carea' id='block_1_4' title="bbox 181 556 1039 3285">
    <p class='ocr_par' dir='ltr' id='par_1_4' title="bbox 183 556 1039 1844">
     <span class='ocr_line' id='line_1_6' title="bbox 186 556 1038 628; baseline 0 -16"><span class='ocrx_word' id='word_1_39' title='bbox 186 558 323 628; x_wconf 89' lang='lat' dir='ltr'><strong>loquimur</strong></span> <span class='ocrx_word' id='word_1_40' title='bbox 335 559 370 612; x_wconf 88' lang='lat' dir='ltr'><strong>de</strong></span> <span class='ocrx_word' id='word_1_41' title='bbox 381 557 415 611; x_wconf 92' lang='lat' dir='ltr'><strong>iis</strong></span> <span class='ocrx_word' id='word_1_42' title='bbox 427 557 521 610; x_wconf 92' lang='lat' dir='ltr'><strong>amicis</strong></span> <span class='ocrx_word' id='word_1_43' title='bbox 533 556 580 626; x_wconf 92' lang='lat' dir='ltr'><strong>qui</strong></span> <span class='ocrx_word' id='word_1_44' title='bbox 596 559 662 613; x_wconf 87' lang='lat' dir='ltr'><strong>aute</strong></span> <span class='ocrx_word' id='word_1_45' title='bbox 680 556 772 610; x_wconf 90' lang='lat' dir='ltr'><strong>oculos</strong></span> <span class='ocrx_word' id='word_1_46' title='bbox 791 561 863 625; x_wconf 86' lang='lat' dir='ltr'><strong>sunt,</strong></span> <span class='ocrx_word' id='word_1_47' title='bbox 882 574 952 626; x_wconf 91' lang='lat' dir='ltr'><strong>qnos</strong></span> <span class='ocrx_word' id='word_1_48' title='bbox 969 559 1038 612; x_wconf 85' lang='lat' dir='ltr'><strong>vidi-</strong></span> 
     </span>
     <span class='ocr_line' id='line_1_7' title="bbox 186 631 1038 703; baseline 0.001 -15"><span class='ocrx_word' id='word_1_49' title='bbox 186 650 247 688; x_wconf 90' lang='lat' dir='ltr'><strong>mus</strong></span> <span class='ocrx_word' id='word_1_50' title='bbox 267 637 316 688; x_wconf 88' lang='lat' dir='ltr'><strong>aut</strong></span> <span class='ocrx_word' id='word_1_51' title='bbox 334 634 369 688; x_wconf 90' lang='lat' dir='ltr'><strong>de</strong></span> <span class='ocrx_word' id='word_1_52' title='bbox 388 633 488 703; x_wconf 90' lang='lat' dir='ltr'><strong>quibus</strong></span> <span class='ocrx_word' id='word_1_53' title='bbox 511 631 669 686; x_wconf 80' lang='lat' dir='ltr'><strong>memoriam</strong></span> <span class='ocrx_word' id='word_1_54' title='bbox 694 633 856 703; x_wconf 87' lang='lat' dir='ltr'><strong>accepimus,</strong></span> <span class='ocrx_word' id='word_1_55' title='bbox 875 651 943 703; x_wconf 88' lang='lat' dir='ltr'><strong>quos</strong></span> <span class='ocrx_word' id='word_1_56' title='bbox 962 636 1038 689; x_wconf 87' lang='lat' dir='ltr'><strong>novit</strong></span> 
     </span>
     <span class='ocr_line' id='line_1_8' title="bbox 185 707 1039 779; baseline 0 -15"><span class='ocrx_word' id='word_1_57' title='bbox 185 711 243 764; x_wconf 84' lang='lat' dir='ltr'><strong>vita</strong></span> <span class='ocrx_word' id='word_1_58' title='bbox 253 707 410 764; x_wconf 80' lang='lat' dir='ltr'><strong>communis.</strong></span> <span class='ocrx_word' id='word_1_59' title='bbox 446 710 488 763; x_wconf 84' lang='lat' dir='ltr'><strong>lix</strong></span> <span class='ocrx_word' id='word_1_60' title='bbox 500 708 551 762; x_wconf 94' lang='lat' dir='ltr'><strong>hoc</strong></span> <span class='ocrx_word' id='word_1_61' title='bbox 559 725 674 763; x_wconf 90' lang='lat' dir='ltr'><strong>numero</strong></span> <span class='ocrx_word' id='word_1_62' title='bbox 680 708 760 763; x_wconf 91' lang='lat' dir='ltr'><strong>nobis</strong></span> <span class='ocrx_word' id='word_1_63' title='bbox 772 710 899 779; x_wconf 87' lang='lat' dir='ltr'><strong>exempla</strong></span> <span class='ocrx_word' id='word_1_64' title='bbox 906 711 1039 764; x_wconf 87' lang='lat' dir='ltr'><strong>sumenda</strong></span> 
     </span>
     <span class='ocr_line' id='line_1_9' title="bbox 184 786 1036 856; baseline 0 -16"><span class='ocrx_word' id='word_1_65' title='bbox 184 791 257 854; x_wconf 85' lang='lat' dir='ltr'><strong>sunt,</strong></span> <span class='ocrx_word' id='word_1_66' title='bbox 282 790 312 841; x_wconf 87' lang='lat' dir='ltr'><strong>at</strong></span> <span class='ocrx_word' id='word_1_67' title='bbox 335 804 430 842; x_wconf 89' lang='lat' dir='ltr'><strong>eorum</strong></span> <span class='ocrx_word' id='word_1_68' title='bbox 458 786 570 856; x_wconf 90' lang='lat' dir='ltr'><strong>quidem</strong></span> <span class='ocrx_word' id='word_1_69' title='bbox 598 787 718 839; x_wconf 83' lang='lat' dir='ltr'><strong>maxime</strong></span> <span class='ocrx_word' id='word_1_70' title='bbox 744 787 792 856; x_wconf 90' lang='lat' dir='ltr'><strong>qui</strong></span> <span class='ocrx_word' id='word_1_71' title='bbox 815 787 852 840; x_wconf 88' lang='lat' dir='ltr'><strong>ad</strong></span> <span class='ocrx_word' id='word_1_72' title='bbox 875 787 1036 855; x_wconf 79' lang='lat' dir='ltr'><strong>sapientiam</strong></span> 
     </span>
     <span class='ocr_line' id='line_1_10' title="bbox 184 862 1038 932; baseline -0.001 -16"><span class='ocrx_word' id='word_1_73' title='bbox 184 863 311 932; x_wconf 85' lang='lat' dir='ltr'><strong>proxime</strong></span> <span class='ocrx_word' id='word_1_74' title='bbox 326 864 466 918; x_wconf 87' lang='lat' dir='ltr'><strong>accedunt.</strong></span> <span class='ocrx_word' id='word_1_75' title='bbox 502 868 543 916; x_wconf 85' lang='lat'><strong>39.</strong></span> <span class='ocrx_word' id='word_1_76' title='bbox 571 862 703 917; x_wconf 86' lang='lat' dir='ltr'><strong>Videmus</strong></span> <span class='ocrx_word' id='word_1_77' title='bbox 722 863 828 932; x_wconf 89' lang='lat' dir='ltr'><strong>Papum</strong></span> <span class='ocrx_word' id='word_1_78' title='bbox 848 863 989 917; x_wconf 81' lang='lat' dir='ltr'><strong>AEmilium</strong></span> <span class='ocrx_word' id='word_1_79' title='bbox 1009 863 1038 917; x_wconf 85' lang='lat'><strong>0.</strong></span> 
     </span>
     <span class='ocr_line' id='line_1_11' title="bbox 185 937 1038 1009; baseline 0.002 -17"><span class='ocrx_word' id='word_1_80' title='bbox 185 937 303 993; x_wconf 84' lang='lat' dir='ltr'><strong>Luscino</strong></span> <span class='ocrx_word' id='word_1_81' title='bbox 314 939 476 993; x_wconf 78' lang='lat' dir='ltr'><strong>familiarem</strong></span> <span class='ocrx_word' id='word_1_82' title='bbox 487 938 580 1006; x_wconf 87' lang='lat' dir='ltr'><strong>inisse,</strong></span> <span class='ocrx_word' id='word_1_83' title='bbox 593 938 640 1005; x_wconf 86' lang='lat' dir='ltr'><strong>(sic</strong></span> <span class='ocrx_word' id='word_1_84' title='bbox 652 956 669 993; x_wconf 86' lang='lat' dir='ltr'><strong>a</strong></span> <span class='ocrx_word' id='word_1_85' title='bbox 679 939 806 1008; x_wconf 85' lang='lat' dir='ltr'><strong>patribus</strong></span> <span class='ocrx_word' id='word_1_86' title='bbox 814 941 982 1009; x_wconf 75' lang='lat' dir='ltr'><strong>accepimus)</strong></span> <span class='ocrx_word' id='word_1_87' title='bbox 994 939 1038 994; x_wconf 91' lang='lat' dir='ltr'><strong>bis</strong></span> 
     </span>
     <span class='ocr_line' id='line_1_12' title="bbox 183 1015 1039 1084; baseline 0.002 -16"><span class='ocrx_word' id='word_1_88' title='bbox 183 1030 239 1068; x_wconf 89' lang='lat' dir='ltr'><strong>uua</strong></span> <span class='ocrx_word' id='word_1_89' title='bbox 250 1015 380 1082; x_wconf 87' lang='lat' dir='ltr'><strong>consules,</strong></span> <span class='ocrx_word' id='word_1_90' title='bbox 392 1015 509 1084; x_wconf 84' lang='lat' dir='ltr'><strong>collegas</strong></span> <span class='ocrx_word' id='word_1_91' title='bbox 520 1015 549 1068; x_wconf 91' lang='lat' dir='ltr'><strong>in</strong></span> <span class='ocrx_word' id='word_1_92' title='bbox 560 1031 690 1069; x_wconf 84' lang='lat' dir='ltr'><strong>censura:</strong></span> <span class='ocrx_word' id='word_1_93' title='bbox 700 1019 760 1069; x_wconf 92' lang='lat' dir='ltr'><strong>tum</strong></span> <span class='ocrx_word' id='word_1_94' title='bbox 771 1019 801 1070; x_wconf 90' lang='lat' dir='ltr'><strong>et</strong></span> <span class='ocrx_word' id='word_1_95' title='bbox 811 1015 916 1070; x_wconf 88' lang='lat' dir='ltr'><strong>cumiis</strong></span> <span class='ocrx_word' id='word_1_96' title='bbox 924 1019 954 1070; x_wconf 86' lang='lat' dir='ltr'><strong>et</strong></span> <span class='ocrx_word' id='word_1_97' title='bbox 965 1015 1039 1070; x_wconf 88' lang='lat' dir='ltr'><strong>iuter</strong></span> 
     </span>
     <span class='ocr_line' id='line_1_13' title="bbox 184 1091 1037 1161; baseline 0.002 -17"><span class='ocrx_word' id='word_1_98' title='bbox 184 1107 215 1144; x_wconf 86' lang='lat' dir='ltr'><strong>se</strong></span> <span class='ocrx_word' id='word_1_99' title='bbox 233 1091 468 1161; x_wconf 88' lang='lat' dir='ltr'><strong>conjunctissimos</strong></span> <span class='ocrx_word' id='word_1_100' title='bbox 486 1093 572 1146; x_wconf 81' lang='lat' dir='ltr'><strong>fuisse</strong></span> <span class='ocrx_word' id='word_1_101' title='bbox 591 1092 637 1146; x_wconf 88' lang='lat' dir='ltr'><strong>M&#39;.</strong></span> <span class='ocrx_word' id='word_1_102' title='bbox 655 1093 769 1147; x_wconf 80' lang='lat' dir='ltr'><strong>Curium</strong></span> <span class='ocrx_word' id='word_1_103' title='bbox 788 1097 818 1147; x_wconf 89' lang='lat' dir='ltr'><strong>et</strong></span> <span class='ocrx_word' id='word_1_104' title='bbox 842 1093 881 1147; x_wconf 83' lang='lat' dir='ltr'><strong>Ti.</strong></span> <span class='ocrx_word' id='word_1_105' title='bbox 901 1093 1037 1156; x_wconf 81' lang='lat' dir='ltr'><strong>Corunca-</strong></span> 
     </span>
     <span class='ocr_line' id='line_1_14' title="bbox 184 1167 1038 1238; baseline 0.004 -18"><span class='ocrx_word' id='word_1_106' title='bbox 184 1167 260 1222; x_wconf 88' lang='lat' dir='ltr'><strong>nium</strong></span> <span class='ocrx_word' id='word_1_107' title='bbox 290 1169 437 1222; x_wconf 84' lang='lat' dir='ltr'><strong>memoriec</strong></span> <span class='ocrx_word' id='word_1_108' title='bbox 462 1169 603 1238; x_wconf 84' lang='lat' dir='ltr'><strong>proditum</strong></span> <span class='ocrx_word' id='word_1_109' title='bbox 627 1172 677 1222; x_wconf 88' lang='lat' dir='ltr'><strong>est.</strong></span> <span class='ocrx_word' id='word_1_110' title='bbox 723 1169 814 1236; x_wconf 79' lang='lat' dir='ltr'><strong>Igitur</strong></span> <span class='ocrx_word' id='word_1_111' title='bbox 842 1185 877 1222; x_wconf 90' lang='lat' dir='ltr'><strong>ne</strong></span> <span class='ocrx_word' id='word_1_112' title='bbox 906 1169 1038 1238; x_wconf 77' lang='lat' dir='ltr'><strong>suspicari</strong></span> 
     </span>
     <span class='ocr_line' id='line_1_15' title="bbox 184 1243 1037 1314; baseline 0.002 -18"><span class='ocrx_word' id='word_1_113' title='bbox 184 1243 296 1312; x_wconf 88' lang='lat' dir='ltr'><strong>quidem</strong></span> <span class='ocrx_word' id='word_1_114' title='bbox 307 1261 451 1313; x_wconf 87' lang='lat' dir='ltr'><strong>possumus</strong></span> <span class='ocrx_word' id='word_1_115' title='bbox 463 1261 629 1314; x_wconf 90' lang='lat' dir='ltr'><strong>quemquam</strong></span> <span class='ocrx_word' id='word_1_116' title='bbox 640 1244 737 1299; x_wconf 89' lang='lat' dir='ltr'><strong>horum</strong></span> <span class='ocrx_word' id='word_1_117' title='bbox 749 1244 784 1298; x_wconf 87' lang='lat' dir='ltr'><strong>ab</strong></span> <span class='ocrx_word' id='word_1_118' title='bbox 796 1245 884 1297; x_wconf 88' lang='lat' dir='ltr'><strong>amico</strong></span> <span class='ocrx_word' id='word_1_119' title='bbox 894 1245 1037 1314; x_wconf 87' lang='lat' dir='ltr'><strong>quidpiam</strong></span> 
     </span>
     <span class='ocr_line' id='line_1_16' title="bbox 184 1319 1038 1388; baseline 0.002 -16"><span class='ocrx_word' id='word_1_120' title='bbox 184 1319 358 1374; x_wconf 81' lang='lat' dir='ltr'><strong>contendisse</strong></span> <span class='ocrx_word' id='word_1_121' title='bbox 382 1320 456 1388; x_wconf 92' lang='lat' dir='ltr'><strong>quod</strong></span> <span class='ocrx_word' id='word_1_122' title='bbox 480 1323 575 1373; x_wconf 85' lang='lat' dir='ltr'><strong>contra</strong></span> <span class='ocrx_word' id='word_1_123' title='bbox 602 1319 694 1388; x_wconf 87' lang='lat' dir='ltr'><strong>fidem,</strong></span> <span class='ocrx_word' id='word_1_124' title='bbox 717 1323 812 1374; x_wconf 91' lang='lat' dir='ltr'><strong>contra</strong></span> <span class='ocrx_word' id='word_1_125' title='bbox 833 1320 1038 1388; x_wconf 84' lang='lat' dir='ltr'><strong>jusjurandum,</strong></span> 
     </span>
     <span class='ocr_line' id='line_1_17' title="bbox 184 1394 1038 1464; baseline 0.004 -17"><span class='ocrx_word' id='word_1_126' title='bbox 184 1397 281 1448; x_wconf 89' lang='lat' dir='ltr'><strong>contra</strong></span> <span class='ocrx_word' id='word_1_127' title='bbox 292 1411 352 1449; x_wconf 89' lang='lat' dir='ltr'><strong>rem</strong></span> <span class='ocrx_word' id='word_1_128' title='bbox 363 1394 502 1464; x_wconf 83' lang='lat' dir='ltr'><strong>publicam</strong></span> <span class='ocrx_word' id='word_1_129' title='bbox 514 1399 596 1448; x_wconf 82' lang='lat' dir='ltr'><strong>esset</strong></span> <span class='ocrx_word' id='word_1_130' title='bbox 629 1395 655 1448; x_wconf 88' lang='lat' dir='ltr'>N</span> <span class='ocrx_word' id='word_1_131' title='bbox 657 1411 702 1448; x_wconf 90' lang='lat' dir='ltr'><strong>am</strong></span> <span class='ocrx_word' id='word_1_132' title='bbox 713 1395 763 1449; x_wconf 93' lang='lat' dir='ltr'><strong>hoc</strong></span> <span class='ocrx_word' id='word_1_133' title='bbox 774 1395 887 1464; x_wconf 89' lang='lat' dir='ltr'><strong>quidem</strong></span> <span class='ocrx_word' id='word_1_134' title='bbox 898 1396 927 1449; x_wconf 91' lang='lat' dir='ltr'><strong>in</strong></span> <span class='ocrx_word' id='word_1_135' title='bbox 935 1395 1038 1450; x_wconf 89' lang='lat' dir='ltr'><strong>talibus</strong></span> 
     </span>
     <span class='ocr_line' id='line_1_18' title="bbox 185 1469 1037 1540; baseline 0.006 -18"><span class='ocrx_word' id='word_1_136' title='bbox 185 1469 252 1523; x_wconf 85' lang='lat' dir='ltr'><strong>viris</strong></span> <span class='ocrx_word' id='word_1_137' title='bbox 264 1470 331 1537; x_wconf 92' lang='lat' dir='ltr'><strong>quid</strong></span> <span class='ocrx_word' id='word_1_138' title='bbox 343 1470 445 1524; x_wconf 87' lang='lat' dir='ltr'><strong>attinet</strong></span> <span class='ocrx_word' id='word_1_139' title='bbox 461 1470 561 1538; x_wconf 91' lang='lat' dir='ltr'><strong>dicere,</strong></span> <span class='ocrx_word' id='word_1_140' title='bbox 577 1470 602 1524; x_wconf 87' lang='lat' dir='ltr'><strong>si</strong></span> <span class='ocrx_word' id='word_1_141' title='bbox 613 1470 807 1538; x_wconf 78' lang='lat' dir='ltr'><strong>contendisset,</strong></span> <span class='ocrx_word' id='word_1_142' title='bbox 824 1471 1037 1540; x_wconf 88' lang='lat' dir='ltr'><strong>impetraturum</strong></span> 
     </span>
     <span class='ocr_line' id='line_1_19' title="bbox 185 1546 1038 1616; baseline 0.006 -19"><span class='ocrx_word' id='word_1_143' title='bbox 185 1561 240 1598; x_wconf 90' lang='lat' dir='ltr'><strong>non</strong></span> <span class='ocrx_word' id='word_1_144' title='bbox 264 1546 354 1614; x_wconf 78' lang='lat' dir='ltr'><strong>fuisse,</strong></span> <span class='ocrx_word' id='word_1_145' title='bbox 380 1546 528 1615; x_wconf 19' lang='lat' dir='ltr'><strong>quum-illi</strong></span> <span class='ocrx_word' id='word_1_146' title='bbox 550 1546 713 1600; x_wconf 84' lang='lat' dir='ltr'><strong>sanctissimi</strong></span> <span class='ocrx_word' id='word_1_147' title='bbox 737 1546 789 1600; x_wconf 82' lang='lat' dir='ltr'><strong>viri</strong></span> <span class='ocrx_word' id='word_1_148' title='bbox 812 1546 922 1615; x_wconf 81' lang='lat' dir='ltr'><strong>fuerint,</strong></span> <span class='ocrx_word' id='word_1_149' title='bbox 949 1562 1038 1616; x_wconf 85' lang='lat' dir='ltr'><strong>aeque</strong></span> 
     </span>
     <span class='ocr_line' id='line_1_20' title="bbox 184 1621 1038 1692; baseline 0.007 -20"><span class='ocrx_word' id='word_1_150' title='bbox 184 1624 278 1674; x_wconf 86' lang='lat' dir='ltr'><strong>autem</strong></span> <span class='ocrx_word' id='word_1_151' title='bbox 287 1621 364 1674; x_wconf 87' lang='lat' dir='ltr'><strong>nefas</strong></span> <span class='ocrx_word' id='word_1_152' title='bbox 377 1622 413 1675; x_wconf 92' lang='lat' dir='ltr'><strong>sit</strong></span> <span class='ocrx_word' id='word_1_153' title='bbox 425 1622 481 1676; x_wconf 89' lang='lat' dir='ltr'><strong>tale</strong></span> <span class='ocrx_word' id='word_1_154' title='bbox 490 1621 595 1692; x_wconf 90' lang='lat' dir='ltr'><strong>aliquid</strong></span> <span class='ocrx_word' id='word_1_155' title='bbox 606 1626 636 1676; x_wconf 92' lang='lat' dir='ltr'><strong>et</strong></span> <span class='ocrx_word' id='word_1_156' title='bbox 646 1623 736 1677; x_wconf 82' lang='lat' dir='ltr'><strong>facere</strong></span> <span class='ocrx_word' id='word_1_157' title='bbox 748 1625 875 1691; x_wconf 82' lang='lat' dir='ltr'><strong>rogatum</strong></span> <span class='ocrx_word' id='word_1_158' title='bbox 882 1626 912 1677; x_wconf 89' lang='lat' dir='ltr'><strong>et</strong></span> <span class='ocrx_word' id='word_1_159' title='bbox 920 1627 1038 1692; x_wconf 80' lang='lat' dir='ltr'><strong>rogaret</strong></span> 
     </span>
     <span class='ocr_line' id='line_1_21' title="bbox 186 1696 1037 1769; baseline 0.007 -20"><span class='ocrx_word' id='word_1_160' title='bbox 186 1696 227 1750; x_wconf 86' lang='lat' dir='ltr'><strong>At</strong></span> <span class='ocrx_word' id='word_1_161' title='bbox 238 1712 302 1751; x_wconf 88' lang='lat' dir='ltr'><strong>vcro</strong></span> <span class='ocrx_word' id='word_1_162' title='bbox 315 1697 353 1753; x_wconf 81' lang='lat' dir='ltr'><strong>&#39;li</strong></span> <span class='ocrx_word' id='word_1_163' title='bbox 365 1697 518 1753; x_wconf 82' lang='lat' dir='ltr'><strong>Gracchum</strong></span> <span class='ocrx_word' id='word_1_164' title='bbox 531 1698 717 1767; x_wconf 84' lang='lat' dir='ltr'><strong>sequebantur</strong></span> <span class='ocrx_word' id='word_1_165' title='bbox 729 1699 759 1755; x_wconf 84' lang='lat' dir='ltr'><strong>(l.</strong></span> <span class='ocrx_word' id='word_1_166' title='bbox 771 1698 868 1769; x_wconf 79' lang='lat' dir='ltr'><strong>Carbo,</strong></span> <span class='ocrx_word' id='word_1_167' title='bbox 881 1699 910 1755; x_wconf 88' lang='lat' dir='ltr'><strong>G.</strong></span> <span class='ocrx_word' id='word_1_168' title='bbox 923 1699 1037 1769; x_wconf 72' lang='lat' dir='ltr'><strong>(lataet</strong></span> 
     </span>
     <span class='ocr_line' id='line_1_22' title="bbox 184 1772 1035 1844; baseline 0.008 -20"><span class='ocrx_word' id='word_1_169' title='bbox 184 1772 296 1827; x_wconf 88' lang='lat' dir='ltr'><strong>minime</strong></span> <span class='ocrx_word' id='word_1_170' title='bbox 308 1777 373 1829; x_wconf 91' lang='lat' dir='ltr'><strong>tunc</strong></span> <span class='ocrx_word' id='word_1_171' title='bbox 386 1774 498 1844; x_wconf 90' lang='lat' dir='ltr'><strong>quidem</strong></span> <span class='ocrx_word' id='word_1_172' title='bbox 507 1775 589 1829; x_wconf 86' lang='lat' dir='ltr'><strong>Gaius</strong></span> <span class='ocrx_word' id='word_1_173' title='bbox 600 1775 694 1843; x_wconf 81' lang='lat' dir='ltr'><strong>irater,</strong></span> <span class='ocrx_word' id='word_1_174' title='bbox 706 1792 779 1831; x_wconf 93' lang='lat' dir='ltr'><strong>nunc</strong></span> <span class='ocrx_word' id='word_1_175' title='bbox 789 1777 864 1831; x_wconf 91' lang='lat' dir='ltr'><strong>idem</strong></span> <span class='ocrx_word' id='word_1_176' title='bbox 879 1777 1035 1831; x_wconf 87' lang='lat' dir='ltr'><strong>acerrimus.</strong></span> 
     </span>
    </p>

    <p class='ocr_par' dir='ltr' id='par_1_5' title="bbox 181 1848 1037 3285">
     <span class='ocr_line' id='line_1_23' title="bbox 237 1848 1037 1919; baseline 0.006 -17"><span class='ocrx_word' id='word_1_177' title='bbox 237 1848 307 1903; x_wconf 89' lang='lat' dir='ltr'>XII.</span> <span class='ocrx_word' id='word_1_178' title='bbox 327 1856 370 1905; x_wconf 77' lang='lat'><strong>40.</strong></span> <span class='ocrx_word' id='word_1_179' title='bbox 388 1851 472 1919; x_wconf 15' lang='lat' dir='ltr'><strong>&#39;Haec</strong></span> <span class='ocrx_word' id='word_1_180' title='bbox 492 1851 579 1919; x_wconf 85' lang='lat' dir='ltr'><strong>igitur</strong></span> <span class='ocrx_word' id='word_1_181' title='bbox 599 1852 645 1906; x_wconf 86' lang='lat' dir='ltr'><strong>lex</strong></span> <span class='ocrx_word' id='word_1_182' title='bbox 663 1853 692 1906; x_wconf 93' lang='lat' dir='ltr'><strong>in</strong></span> <span class='ocrx_word' id='word_1_183' title='bbox 709 1852 830 1907; x_wconf 87' lang='lat' dir='ltr'><strong>amicitia</strong></span> <span class='ocrx_word' id='word_1_184' title='bbox 849 1853 989 1907; x_wconf 85' lang='lat' dir='ltr'><strong>sanciatur</strong></span> <span class='ocrx_word' id='word_1_185' title='bbox 1004 1857 1037 1907; x_wconf 91' lang='lat' dir='ltr'><strong>ut</strong></span> 
     </span>
     <span class='ocr_line' id='line_1_24' title="bbox 183 1928 1037 1999; baseline 0.006 -21"><span class='ocrx_word' id='word_1_186' title='bbox 183 1941 273 1993; x_wconf 89' lang='lat' dir='ltr'><strong>neque</strong></span> <span class='ocrx_word' id='word_1_187' title='bbox 284 1942 411 1995; x_wconf 85' lang='lat' dir='ltr'><strong>rogemus</strong></span> <span class='ocrx_word' id='word_1_188' title='bbox 423 1942 468 1980; x_wconf 88' lang='lat' dir='ltr'><strong>res</strong></span> <span class='ocrx_word' id='word_1_189' title='bbox 479 1930 575 1996; x_wconf 86' lang='lat' dir='ltr'><strong>turpes</strong></span> <span class='ocrx_word' id='word_1_190' title='bbox 593 1944 644 1982; x_wconf 90' lang='lat' dir='ltr'><strong>nec</strong></span> <span class='ocrx_word' id='word_1_191' title='bbox 659 1928 790 1982; x_wconf 75' lang='lat' dir='ltr'><strong>imiamus</strong></span> <span class='ocrx_word' id='word_1_192' title='bbox 806 1929 904 1997; x_wconf 84' lang='lat' dir='ltr'><strong>rogati.</strong></span> <span class='ocrx_word' id='word_1_193' title='bbox 938 1929 1037 1999; x_wconf 75' lang='lat' dir='ltr'><strong>Turpis</strong></span> 
     </span>
     <span class='ocr_line' id='line_1_25' title="bbox 183 2000 1037 2074; baseline 0.007 -21"><span class='ocrx_word' id='word_1_194' title='bbox 183 2000 257 2054; x_wconf 90' lang='lat' dir='ltr'><strong>enim</strong></span> <span class='ocrx_word' id='word_1_195' title='bbox 282 2002 420 2057; x_wconf 87' lang='lat' dir='ltr'><strong>excusatio</strong></span> <span class='ocrx_word' id='word_1_196' title='bbox 445 2006 488 2057; x_wconf 91' lang='lat' dir='ltr'><strong>est</strong></span> <span class='ocrx_word' id='word_1_197' title='bbox 512 2006 541 2057; x_wconf 91' lang='lat' dir='ltr'><strong>et</strong></span> <span class='ocrx_word' id='word_1_198' title='bbox 564 2004 677 2058; x_wconf 89' lang='lat' dir='ltr'><strong>minime</strong></span> <span class='ocrx_word' id='word_1_199' title='bbox 704 2005 863 2074; x_wconf 87' lang='lat' dir='ltr'><strong>accipienda</strong></span> <span class='ocrx_word' id='word_1_200' title='bbox 893 2022 978 2074; x_wconf 92' lang='lat' dir='ltr'><strong>quum</strong></span> <span class='ocrx_word' id='word_1_201' title='bbox 1007 2006 1037 2058; x_wconf 90' lang='lat' dir='ltr'><strong>in</strong></span> 
     </span>
     <span class='ocr_line' id='line_1_26' title="bbox 182 2076 1036 2151; baseline 0.007 -22"><span class='ocrx_word' id='word_1_202' title='bbox 182 2076 284 2131; x_wconf 88' lang='lat' dir='ltr'><strong>ceteris</strong></span> <span class='ocrx_word' id='word_1_203' title='bbox 304 2078 503 2147; x_wconf 86' lang='lat' dir='ltr'><strong>peccatis,tum</strong></span> <span class='ocrx_word' id='word_1_204' title='bbox 521 2079 546 2133; x_wconf 90' lang='lat' dir='ltr'><strong>si</strong></span> <span class='ocrx_word' id='word_1_205' title='bbox 565 2080 629 2148; x_wconf 87' lang='lat' dir='ltr'><strong>quis</strong></span> <span class='ocrx_word' id='word_1_206' title='bbox 648 2084 745 2135; x_wconf 90' lang='lat' dir='ltr'><strong>contra</strong></span> <span class='ocrx_word' id='word_1_207' title='bbox 764 2098 823 2135; x_wconf 90' lang='lat' dir='ltr'><strong>rem</strong></span> <span class='ocrx_word' id='word_1_208' title='bbox 846 2081 983 2151; x_wconf 81' lang='lat' dir='ltr'><strong>publicam</strong></span> <span class='ocrx_word' id='word_1_209' title='bbox 1004 2098 1036 2135; x_wconf 90' lang='lat' dir='ltr'><strong>se</strong></span> 
     </span>
     <span class='ocr_line' id='line_1_27' title="bbox 182 2152 1036 2222; baseline 0.007 -17"><span class='ocrx_word' id='word_1_210' title='bbox 182 2152 264 2206; x_wconf 86' lang='lat' dir='ltr'><strong>amici</strong></span> <span class='ocrx_word' id='word_1_211' title='bbox 276 2169 358 2207; x_wconf 88' lang='lat' dir='ltr'><strong>causa</strong></span> <span class='ocrx_word' id='word_1_212' title='bbox 368 2154 466 2208; x_wconf 84' lang='lat' dir='ltr'><strong>iecisse</strong></span> <span class='ocrx_word' id='word_1_213' title='bbox 477 2155 611 2210; x_wconf 84' lang='lat' dir='ltr'><strong>fateatur.</strong></span> <span class='ocrx_word' id='word_1_214' title='bbox 648 2156 758 2210; x_wconf 79' lang='lat' dir='ltr'><strong>Etenim</strong></span> <span class='ocrx_word' id='word_1_215' title='bbox 775 2173 809 2211; x_wconf 93' lang='lat' dir='ltr'><strong>eo</strong></span> <span class='ocrx_word' id='word_1_216' title='bbox 823 2157 888 2222; x_wconf 91' lang='lat' dir='ltr'><strong>loco,</strong></span> <span class='ocrx_word' id='word_1_217' title='bbox 902 2156 989 2211; x_wconf 75' lang='lat' dir='ltr'><strong>llanni</strong></span> <span class='ocrx_word' id='word_1_218' title='bbox 1005 2160 1036 2211; x_wconf 90' lang='lat' dir='ltr'><strong>et</strong></span> 
     </span>
     <span class='ocr_line' id='line_1_28' title="bbox 183 2228 1037 2302; baseline 0.006 -20"><span class='ocrx_word' id='word_1_219' title='bbox 183 2228 321 2296; x_wconf 67' lang='lat' dir='ltr'><strong>Scaevola,</strong></span> <span class='ocrx_word' id='word_1_220' title='bbox 330 2229 412 2283; x_wconf 87' lang='lat' dir='ltr'><strong>locuti</strong></span> <span class='ocrx_word' id='word_1_221' title='bbox 423 2246 516 2283; x_wconf 88' lang='lat' dir='ltr'><strong>sumus</strong></span> <span class='ocrx_word' id='word_1_222' title='bbox 525 2233 557 2283; x_wconf 94' lang='lat' dir='ltr'><strong>ut</strong></span> <span class='ocrx_word' id='word_1_223' title='bbox 572 2247 622 2285; x_wconf 94' lang='lat' dir='ltr'><strong>nos</strong></span> <span class='ocrx_word' id='word_1_224' title='bbox 638 2230 719 2300; x_wconf 87' lang='lat' dir='ltr'><strong>longe</strong></span> <span class='ocrx_word' id='word_1_225' title='bbox 734 2233 892 2302; x_wconf 89' lang='lat' dir='ltr'><strong>prospicere</strong></span> <span class='ocrx_word' id='word_1_226' title='bbox 908 2236 1037 2301; x_wconf 87' lang='lat' dir='ltr'><strong>oporteat</strong></span> 
     </span>
     <span class='ocr_line' id='line_1_29' title="bbox 183 2304 1036 2377; baseline 0.007 -20"><span class='ocrx_word' id='word_1_227' title='bbox 183 2304 294 2358; x_wconf 89' lang='lat' dir='ltr'><strong>futuros</strong></span> <span class='ocrx_word' id='word_1_228' title='bbox 321 2322 400 2359; x_wconf 85' lang='lat' dir='ltr'><strong>casus</strong></span> <span class='ocrx_word' id='word_1_229' title='bbox 421 2306 463 2359; x_wconf 90' lang='lat' dir='ltr'><strong>rei</strong></span> <span class='ocrx_word' id='word_1_230' title='bbox 481 2304 617 2373; x_wconf 84' lang='lat' dir='ltr'><strong>publicae.</strong></span> <span class='ocrx_word' id='word_1_231' title='bbox 653 2307 774 2361; x_wconf 84' lang='lat' dir='ltr'><strong>Deflexit</strong></span> <span class='ocrx_word' id='word_1_232' title='bbox 796 2306 858 2376; x_wconf 88' lang='lat' dir='ltr'><strong>jam</strong></span> <span class='ocrx_word' id='word_1_233' title='bbox 881 2308 1036 2377; x_wconf 87' lang='lat' dir='ltr'><strong>aliquantu-</strong></span> 
     </span>
     <span class='ocr_line' id='line_1_30' title="bbox 182 2379 1037 2452; baseline 0.008 -20"><span class='ocrx_word' id='word_1_234' title='bbox 182 2379 241 2432; x_wconf 93' lang='lat' dir='ltr'><strong>lum</strong></span> <span class='ocrx_word' id='word_1_235' title='bbox 254 2379 290 2433; x_wconf 90' lang='lat' dir='ltr'><strong>de</strong></span> <span class='ocrx_word' id='word_1_236' title='bbox 312 2381 402 2449; x_wconf 87' lang='lat' dir='ltr'><strong>spatio</strong></span> <span class='ocrx_word' id='word_1_237' title='bbox 420 2380 612 2449; x_wconf 73' lang='lat' dir='ltr'><strong>curriculoque</strong></span> <span class='ocrx_word' id='word_1_238' title='bbox 628 2383 799 2437; x_wconf 90' lang='lat' dir='ltr'><strong>consuetudo</strong></span> <span class='ocrx_word' id='word_1_239' title='bbox 818 2383 960 2452; x_wconf 81' lang='lat' dir='ltr'><strong>majorum.</strong></span> <span class='ocrx_word' id='word_1_240' title='bbox 995 2385 1037 2439; x_wconf 76' lang='lat' dir='ltr'><strong>Ti.</strong></span> 
     </span>
     <span class='ocr_line' id='line_1_31' title="bbox 185 2454 1036 2529; baseline 0.008 -21"><span class='ocrx_word' id='word_1_241' title='bbox 185 2454 326 2509; x_wconf 87' lang='lat' dir='ltr'><strong>Gracchus</strong></span> <span class='ocrx_word' id='word_1_242' title='bbox 344 2471 458 2524; x_wconf 84' lang='lat' dir='ltr'><strong>regnum</strong></span> <span class='ocrx_word' id='word_1_243' title='bbox 474 2472 605 2525; x_wconf 88' lang='lat' dir='ltr'><strong>occupare</strong></span> <span class='ocrx_word' id='word_1_244' title='bbox 624 2461 739 2512; x_wconf 89' lang='lat' dir='ltr'><strong>conatus</strong></span> <span class='ocrx_word' id='word_1_245' title='bbox 751 2462 802 2525; x_wconf 91' lang='lat' dir='ltr'><strong>est,</strong></span> <span class='ocrx_word' id='word_1_246' title='bbox 814 2460 858 2513; x_wconf 86' lang='lat' dir='ltr'><strong>vel</strong></span> <span class='ocrx_word' id='word_1_247' title='bbox 872 2460 997 2529; x_wconf 85' lang='lat' dir='ltr'><strong>regnavit</strong></span> <span class='ocrx_word' id='word_1_248' title='bbox 1010 2461 1036 2515; x_wconf 89' lang='lat' dir='ltr'><strong>is</strong></span> 
     </span>
     <span class='ocr_line' id='line_1_32' title="bbox 183 2530 1036 2606; baseline 0.009 -23"><span class='ocrx_word' id='word_1_249' title='bbox 183 2530 298 2597; x_wconf 89' lang='lat' dir='ltr'><strong>quidem</strong></span> <span class='ocrx_word' id='word_1_250' title='bbox 308 2547 409 2600; x_wconf 87' lang='lat' dir='ltr'><strong>paucos</strong></span> <span class='ocrx_word' id='word_1_251' title='bbox 421 2548 535 2586; x_wconf 88' lang='lat' dir='ltr'><strong>menses.</strong></span> <span class='ocrx_word' id='word_1_252' title='bbox 570 2538 613 2585; x_wconf 86' lang='lat'><strong>41.</strong></span> <span class='ocrx_word' id='word_1_253' title='bbox 639 2533 714 2588; x_wconf 89' lang='lat' dir='ltr'><strong>Num</strong></span> <span class='ocrx_word' id='word_1_254' title='bbox 731 2533 800 2603; x_wconf 92' lang='lat' dir='ltr'><strong>quid</strong></span> <span class='ocrx_word' id='word_1_255' title='bbox 814 2534 902 2590; x_wconf 88' lang='lat' dir='ltr'><strong>simile</strong></span> <span class='ocrx_word' id='word_1_256' title='bbox 919 2538 1036 2606; x_wconf 91' lang='lat' dir='ltr'><strong>populus</strong></span> 
     </span>
     <span class='ocr_line' id='line_1_33' title="bbox 185 2604 1036 2681; baseline 0.009 -22"><span class='ocrx_word' id='word_1_257' title='bbox 185 2604 325 2660; x_wconf 86' lang='lat' dir='ltr'><strong>Romanus</strong></span> <span class='ocrx_word' id='word_1_258' title='bbox 333 2607 460 2663; x_wconf 87' lang='lat' dir='ltr'><strong>audierat</strong></span> <span class='ocrx_word' id='word_1_259' title='bbox 470 2611 520 2662; x_wconf 90' lang='lat' dir='ltr'><strong>aut</strong></span> <span class='ocrx_word' id='word_1_260' title='bbox 531 2607 660 2663; x_wconf 85' lang='lat' dir='ltr'><strong>viderati</strong></span> <span class='ocrx_word' id='word_1_261' title='bbox 697 2610 780 2665; x_wconf 89' lang='lat' dir='ltr'><strong>Hunc</strong></span> <span class='ocrx_word' id='word_1_262' title='bbox 790 2611 874 2664; x_wconf 88' lang='lat' dir='ltr'><strong>etiam</strong></span> <span class='ocrx_word' id='word_1_263' title='bbox 885 2616 949 2681; x_wconf 89' lang='lat' dir='ltr'><strong>post</strong></span> <span class='ocrx_word' id='word_1_264' title='bbox 963 2629 1036 2667; x_wconf 93' lang='lat' dir='ltr'><strong>mor-</strong></span> 
     </span>
     <span class='ocr_line' id='line_1_34' title="bbox 184 2682 1036 2757; baseline 0.012 -22"><span class='ocrx_word' id='word_1_265' title='bbox 184 2684 242 2735; x_wconf 89' lang='lat' dir='ltr'><strong>tem</strong></span> <span class='ocrx_word' id='word_1_266' title='bbox 268 2682 354 2737; x_wconf 88' lang='lat' dir='ltr'><strong>secuti</strong></span> <span class='ocrx_word' id='word_1_267' title='bbox 377 2684 458 2737; x_wconf 88' lang='lat' dir='ltr'><strong>amici</strong></span> <span class='ocrx_word' id='word_1_268' title='bbox 480 2687 511 2740; x_wconf 90' lang='lat' dir='ltr'><strong>et</strong></span> <span class='ocrx_word' id='word_1_269' title='bbox 524 2685 682 2754; x_wconf 51' lang='lat' dir='ltr'><strong>¹propinqui</strong></span> <span class='ocrx_word' id='word_1_270' title='bbox 707 2687 776 2756; x_wconf 91' lang='lat' dir='ltr'><strong>quid</strong></span> <span class='ocrx_word' id='word_1_271' title='bbox 799 2687 829 2741; x_wconf 91' lang='lat' dir='ltr'><strong>in</strong></span> <span class='ocrx_word' id='word_1_272' title='bbox 852 2688 883 2742; x_wconf 92' lang='lat' dir='ltr'><strong>P.</strong></span> <span class='ocrx_word' id='word_1_273' title='bbox 910 2688 1036 2757; x_wconf 79' lang='lat' dir='ltr'><strong>Scipione</strong></span> 
     </span>
     <span class='ocr_line' id='line_1_35' title="bbox 182 2757 1036 2830; baseline 0.011 -19"><span class='ocrx_word' id='word_1_274' title='bbox 182 2757 324 2813; x_wconf 79' lang='lat' dir='ltr'><strong>effecerint</strong></span> <span class='ocrx_word' id='word_1_275' title='bbox 335 2759 393 2813; x_wconf 88' lang='lat' dir='ltr'><strong>sinc</strong></span> <span class='ocrx_word' id='word_1_276' title='bbox 411 2760 529 2814; x_wconf 81' lang='lat' dir='ltr'><strong>lacrimis</strong></span> <span class='ocrx_word' id='word_1_277' title='bbox 544 2777 599 2814; x_wconf 90' lang='lat' dir='ltr'><strong>non</strong></span> <span class='ocrx_word' id='word_1_278' title='bbox 615 2778 687 2830; x_wconf 89' lang='lat' dir='ltr'><strong>queo</strong></span> <span class='ocrx_word' id='word_1_279' title='bbox 706 2763 805 2819; x_wconf 89' lang='lat' dir='ltr'><strong>dicere.</strong></span> <span class='ocrx_word' id='word_1_280' title='bbox 841 2763 867 2816; x_wconf 91' lang='lat' dir='ltr'>N</span> <span class='ocrx_word' id='word_1_281' title='bbox 869 2780 913 2818; x_wconf 91' lang='lat' dir='ltr'><strong>am</strong></span> <span class='ocrx_word' id='word_1_282' title='bbox 934 2766 1036 2821; x_wconf 81' lang='lat' dir='ltr'><strong>Carbo-</strong></span> 
     </span>
     <span class='ocr_line' id='line_1_36' title="bbox 182 2836 1035 2910; baseline 0.012 -24"><span class='ocrx_word' id='word_1_283' title='bbox 182 2848 247 2886; x_wconf 90' lang='lat' dir='ltr'><strong>nem</strong></span> <span class='ocrx_word' id='word_1_284' title='bbox 259 2850 367 2903; x_wconf 90' lang='lat' dir='ltr'><strong>quoquo</strong></span> <span class='ocrx_word' id='word_1_285' title='bbox 383 2836 464 2889; x_wconf 91' lang='lat' dir='ltr'><strong>modo</strong></span> <span class='ocrx_word' id='word_1_286' title='bbox 476 2836 615 2905; x_wconf 91' lang='lat' dir='ltr'><strong>potuimus</strong></span> <span class='ocrx_word' id='word_1_287' title='bbox 630 2841 746 2909; x_wconf 85' lang='lat' dir='ltr'><strong>proptor</strong></span> <span class='ocrx_word' id='word_1_288' title='bbox 763 2843 902 2894; x_wconf 88' lang='lat' dir='ltr'><strong>recentem</strong></span> <span class='ocrx_word' id='word_1_289' title='bbox 918 2858 1035 2910; x_wconf 88' lang='lat' dir='ltr'><strong>poenam</strong></span> 
     </span>
     <span class='ocr_line' id='line_1_37' title="bbox 182 2908 1035 2971; baseline 0.011 -9"><span class='ocrx_word' id='word_1_290' title='bbox 182 2908 224 2963; x_wconf 76' lang='lat' dir='ltr'><strong>ui.</strong></span> <span class='ocrx_word' id='word_1_291' title='bbox 238 2910 353 2965; x_wconf 83' lang='lat' dir='ltr'><strong>Gracchi</strong></span> <span class='ocrx_word' id='word_1_292' title='bbox 371 2913 556 2967; x_wconf 85' lang='lat' dir='ltr'><strong>sustinuimus.</strong></span> <span class='ocrx_word' id='word_1_293' title='bbox 592 2914 636 2969; x_wconf 90' lang='lat' dir='ltr'><strong>De</strong></span> <span class='ocrx_word' id='word_1_294' title='bbox 656 2914 686 2970; x_wconf 83' lang='lat' dir='ltr'><strong>G.</strong></span> <span class='ocrx_word' id='word_1_295' title='bbox 698 2918 791 2969; x_wconf 88' lang='lat' dir='ltr'><strong>autem</strong></span> <span class='ocrx_word' id='word_1_296' title='bbox 811 2916 928 2970; x_wconf 84' lang='lat' dir='ltr'><strong>Gracchi</strong></span> <span class='ocrx_word' id='word_1_297' title='bbox 947 2917 1035 2971; x_wconf 83' lang='lat' dir='ltr'><strong>tribu-</strong></span> 
     </span>
     <span class='ocr_line' id='line_1_38' title="bbox 181 2985 1034 3061; baseline 0.009 -23"><span class='ocrx_word' id='word_1_298' title='bbox 181 2988 251 3039; x_wconf 88' lang='lat' dir='ltr'><strong>natu</strong></span> <span class='ocrx_word' id='word_1_299' title='bbox 262 2985 331 3054; x_wconf 91' lang='lat' dir='ltr'><strong>quid</strong></span> <span class='ocrx_word' id='word_1_300' title='bbox 343 2992 498 3056; x_wconf 82' lang='lat' dir='ltr'><strong>exspectem</strong></span> <span class='ocrx_word' id='word_1_301' title='bbox 510 3005 563 3042; x_wconf 91' lang='lat' dir='ltr'><strong>non</strong></span> <span class='ocrx_word' id='word_1_302' title='bbox 573 2988 642 3044; x_wconf 90' lang='lat' dir='ltr'><strong>libet</strong></span> <span class='ocrx_word' id='word_1_303' title='bbox 650 2992 785 3060; x_wconf 83' lang='lat' dir='ltr'><strong>augurari.</strong></span> <span class='ocrx_word' id='word_1_304' title='bbox 821 2991 914 3061; x_wconf 78' lang='lat' dir='ltr'><strong>Serpit</strong></span> <span class='ocrx_word' id='word_1_305' title='bbox 932 2991 1034 3046; x_wconf 90' lang='lat' dir='ltr'><strong>deinde</strong></span> 
     </span>
     <span class='ocr_line' id='line_1_39' title="bbox 181 3063 1035 3211; baseline 0.007 -22"><span class='ocrx_word' id='word_1_306' title='bbox 181 3063 488 3193; x_wconf 37' lang='lat' dir='ltr'><strong>{circumsidit</strong></span> <span class='ocrx_word' id='word_1_307' title='bbox 505 3064 1035 3211; x_wconf 44' lang='lat' dir='ltr'><strong>uetustissimus</strong></span> 
     </span>
     <span class='ocr_line' id='line_1_40' title="bbox 181 3210 1032 3285; baseline 0.005 -19"><span class='ocrx_word' id='word_1_308' title='bbox 181 3210 264 3279; x_wconf 88' lang='lat' dir='ltr'><strong>labes,</strong></span> <span class='ocrx_word' id='word_1_309' title='bbox 276 3213 365 3281; x_wconf 91' lang='lat' dir='ltr'><strong>primo</strong></span> <span class='ocrx_word' id='word_1_310' title='bbox 378 3214 583 3285; x_wconf 77' lang='lat' dir='ltr'><strong>Gabinia-lege,</strong></span> <span class='ocrx_word' id='word_1_311' title='bbox 599 3215 708 3272; x_wconf 88' lang='lat' dir='ltr'><strong>biennio</strong></span> <span class='ocrx_word' id='word_1_312' title='bbox 731 3220 825 3272; x_wconf 86' lang='lat' dir='ltr'><strong>autem</strong></span> <span class='ocrx_word' id='word_1_313' title='bbox 846 3219 911 3285; x_wconf 85' lang='lat' dir='ltr'><strong>post</strong></span> <span class='ocrx_word' id='word_1_314' title='bbox 931 3215 1032 3271; x_wconf 82' lang='lat' dir='ltr'><strong>Cassia</strong></span> 
     </span>
    </p>
   </div>
   <div class='ocr_carea' id='block_1_5' title="bbox 0 0 1130 3450">
    <p class='ocr_par' dir='ltr' id='par_1_6' title="bbox 0 0 1130 3450">
     <span class='ocr_line' id='line_1_41' title="bbox 0 0 1130 3450; baseline 0 1"><span class='ocrx_word' id='word_1_315' title='bbox 0 0 1130 3450; x_wconf 95' lang='lat' dir='ltr'><strong> </strong></span> 
     </span>
    </p>
   </div>
  </div>
 </body>
</html>
