2250 3450
100 167 131 215 96
330 162 513 215 seruum
531 161 721 211 CICERONIS

98 243 692 312 lacturiessedicimtnr.1⁴lgoadhucorae
707 245 862 302 maritimae
873 266 950 338 prae

99 340 159 375 snm
189 340 206 376 a
230 321 352 375 Formiis.
388 321 501 374 Nullum
525 320 615 389 majus
644 323 785 398 negotium
814 326 951 395 suscipere

99 399 179 466 volui,
198 415 253 468 quo
269 398 332 467 plus
347 397 421 466 apud
435 397 512 451 illum
528 414 605 451 meae
621 393 718 452 literae
735 399 951 455 cohortationes-

98 474 206 544 quoad
223 491 317 542 pacem
335 475 465 528 valerent.
500 474 658 528 Sintautem
674 475 727 529 crit
743 474 853 544 bellum,
871 477 951 530 video

98 567 143 605 me
165 550 263 604 castris
287 554 317 605 et
335 552 420 604 certis
440 549 595 618 legionibus
618 551 727 616 praelut
727 568 815 605 urum.
851 551 950 606 Habeo

98 628 182 680 etiam
205 626 281 680 illam
304 625 457 679 molestiam
486 624 560 693 quod
587 625 731 680 Dolabella
754 631 849 680 noster
875 628 950 696 apud

98 705 244 756 Caesarem
256 707 308 758 est.
343 702 421 756 Haec
431 701 484 755 tibi
496 706 562 755 nota
574 718 634 756 esse
646 702 735 756 volui:
755 720 825 771 quac
838 720 903 758 cave
914 722 950 759 ne

97 781 127 830 te
144 779 309 846 perturbent
332 782 361 833 et
385 777 538 847 impediant
561 778 747 832 valetudinem
771 784 853 833 tuam.
891 780 949 848 Ego

100 855 133 907 A.
158 854 284 922 Varroni,
310 871 393 923 quem
417 871 502 922 quum
523 855 740 909 amantissimum
758 856 814 910 mei
836 857 950 924 cognovi

97 932 158 983 tum
175 931 260 984 etiam
272 931 353 985 valde
370 930 412 984 tui
430 930 592 999 studiosum,
605 931 815 998 diligentissime
833 934 862 986 te
880 949 951 987 com-

96 1006 231 1075 mendam,
256 1011 337 1062 utet
357 1007 522 1061 valetudinis
546 1012 612 1062 tuae
632 1009 765 1061 rationem
785 1006 901 1062 haberet
919 1011 950 1063 et

95 1082 284 1150 navigationis,
296 1086 326 1138 et
340 1087 430 1138 totum
442 1088 471 1138 tc
488 1084 640 1152 susciperet
656 1100 687 1138 ac
704 1085 847 1139 tueretur:
865 1099 949 1152 quem

97 1159 188 1212 omnia
207 1160 344 1213 facturum
365 1160 487 1226 conlid03
512 1160 619 1229 recepit
641 1159 762 1231 enimet
784 1176 891 1214 mecum
911 1159 949 1214 le
1001 1197 1003 1202 -

97 1237 177 1288 cutus
191 1239 235 1290 est
249 1237 416 1292 stramssime.
451 1237 492 1291 'l'u
509 1238 638 1306 quoniam
655 1253 688 1290 co
704 1240 828 1305 tempore
842 1253 948 1290 mecum

97 1327 157 1365 esse
168 1328 222 1367 non
233 1313 356 1381 potuisti,
367 1329 421 1381 quo
430 1329 482 1381 ego
494 1312 612 1366 maxime
624 1329 734 1381 operam
744 1315 774 1366 et
785 1312 948 1366 fidelitatem

97 1386 251 1442 desideravi
276 1392 360 1456 tuam,
381 1405 447 1442 cave
468 1390 582 1443 festines
607 1391 654 1442 aut
675 1388 830 1442 committas
848 1391 881 1442 ut
899 1391 948 1444 aut

96 1478 179 1531 aeger
198 1469 247 1519 aut
267 1465 357 1519 hieme
379 1464 498 1532 naviges.
533 1465 692 1533 Numquam
711 1482 773 1519 sero
791 1468 820 1518 te
839 1459 970 1518 venisse‘

96 1539 207 1606 putabo,
220 1540 243 1593 si
255 1540 346 1594 salvus
357 1541 472 1594 veneris.
485 1577 489 1584 -
502 1540 604 1594 Adhuc
615 1541 753 1595 neminem
764 1540 887 1594 videram
900 1540 947 1609 qui

96 1617 126 1667 te
138 1618 234 1684 postea
244 1615 360 1670 vidisset
372 1633 454 1684 quam
466 1617 507 1671 M.
520 1616 657 1684 Volusius,
673 1633 690 1668 a
705 1633 760 1686 quo
775 1619 838 1670 tuas
851 1616 947 1671 literas

96 1691 204 1759 accepi:
222 1692 298 1761 quod
309 1709 362 1747 non
374 1693 501 1748 mirabar.
537 1693 637 1761 Neque
652 1693 725 1747 enirn
743 1708 819 1746 meas
830 1696 897 1760 puto
909 1693 947 1747 ed

95 1769 126 1819 te
149 1767 244 1822 literas
267 1772 346 1823 tanta
365 1768 456 1821 hieme
479 1769 604 1838 perferri.
640 1767 696 1823 Sed
720 1767 756 1821 da
780 1785 890 1836 operam
913 1772 946 1823 ut

96 1842 203 1909 valees;
220 1846 250 1898 et
264 1844 287 1898 si
303 1843 413 1907 valebis,
429 1861 513 1912 quum
529 1848 605 1899 recte
622 1844 743 1912 navigari
758 1844 869 1912 poterit,
885 1848 945 1899 tum

95 1918 213 1986 naviges
249 1918 345 1974 Cicero
363 1935 441 1973 meus
459 1920 488 1973 in
505 1920 650 1973 Formiano
669 1922 745 1973 erat:
763 1919 898 1973 Terentia
916 1924 945 1975 et

96 1993 184 2047 Tullia
205 1994 316 2050 Romae.
351 1995 424 2050 Cura
445 1999 478 2049 ut
500 1996 598 2049 valeas.
634 2010 673 2049 ιι.
698 1994 839 2049 Kalendas
863 1995 944 2050 Febr.

96 2068 197 2138 capua

182 2190 205 2236 6.
240 2188 367 2238 CICERO
383 2189 413 2239 F.
430 2189 557 2238 TIRONI
574 2186 641 2237 SUO
657 2187 815 2237 DULOISS.
833 2187 859 2237 S.

346 2278 411 2341 (va.
430 2278 469 2327 21.
503 2290 604 2327 ι.ιι.ο.
625 2275 690 2338 710.)

95 2370 185 2435 Quum
208 2370 385 2426 vehementer
405 2371 563 2425 tabellarios
590 2373 780 2439 exspectarem
809 2369 941 2444 quotidie,

94 2445 247 2515 aliqnando
257 2452 392 2503 venerrmt
408 2452 472 2517 post
490 2447 564 2501 diem
581 2462 625 2501 xi..
643 2449 673 2500 et
685 2460 722 2501 ιι.
739 2462 822 2515 quam
836 2446 942 2500 avobis

94 2522 277 2583 discesserant
285 2544 293 2590 ;
311 2540 432 2593 quorum·
444 2523 512 2577 mihi
526 2523 580 2577 fuit
596 2522 730 2577 adventus
746 2521 941 2591 optatissimus.

94 2597 120 2649 N
122 2614 166 2651 am
182 2615 267 2668 quum
282 2600 430 2653 maximam
449 2600 582 2668 cepissem
600 2598 734 2653 laetitiam
754 2614 788 2651 ex
807 2597 940 2651 humanis

93 2673 154 2726 simi
167 2677 196 2728 et
206 2675 339 2729 carissimi
349 2675 437 2744 patris
448 2676 572 2745 epistola,
584 2679 644 2729 tum
655 2691 719 2729 vero
728 2672 943 2742 jucundissimae

93 2753 158 2802 tuae
175 2748 273 2803 literae
291 2750 428 2804 cumulum
446 2750 513 2803 mihi
531 2750 625 2819 gaudii
644 2750 806 2806 attulerunt.
843 2750 943 2817 Itaque
987 2769 993 2783 ‘

92 2839 137 2877 me
157 2821 217 2891 jam
235 2841 289 2877 non
311 2824 470 2893 poenitebat
488 2826 722 2914 intercapedinem
746 2824 883 2879 scribendi
901 2825 942 2879 fe-

92 2897 169 2965 cisse,
186 2899 236 2953 sed
251 2901 343 2968 potius
359 2900 498 2968 laetabar;
519 2903 641 2956 fructum
657 2902 730 2955 enim
748 2917 877 2969 magnum
893 2901 946 2954 hu·-

92 2974 234 3027 manitatis
245 2978 310 3029 tuac
322 2975 461 3043 capiebam
477 2993 511 3030 ex
529 2977 639 3031 silentio
652 2993 775 3030 mearum
791 2977 824 3030 lit
812 2981 940 3031 t.erarum

93 3036 279 3102 Vehementer
301 3050 386 3118 igitur
403 3052 511 3118 gaudeo
534 3056 564 3105 te
582 3068 670 3105 meam
689 3052 747 3106 siue
768 3052 942 3106 dubitatione

92 3123 228 3207 accepisse
251 3126 461 3179 excusationem
495 3126 596 3181 Grates
618 3126 671 3182 tibi
695 3131 859 3196 optatosque
881 3143 941 3181 esse

93 3195 243 3263 quideme
255 3215 378 3254 rumores
389 3199 541 3255 afferuntur
552 3218 606 3255 non
619 3202 722 3267 dubito,
733 3219 772 3255 ιιιι
764 3201 942 3257 dulcissime
