<?xml version="1.0" encoding="UTF-8"?>
<!DOCTYPE html PUBLIC "-//W3C//DTD XHTML 1.0 Transitional//EN"
    "http://www.w3.org/TR/xhtml1/DTD/xhtml1-transitional.dtd">
<html xmlns="http://www.w3.org/1999/xhtml" xml:lang="en" lang="en">
 <head>
  <title>
</title>
<meta http-equiv="Content-Type" content="text/html;charset=utf-8" />
  <meta name='ocr-system' content='tesseract 3.04.00' />
  <meta name='ocr-capabilities' content='ocr_page ocr_carea ocr_par ocr_line ocrx_word'/>
</head>
<body>
  <div class='ocr_page' id='page_1' title='image "./catomajorsivede02cicegoog_0064.png"; bbox 0 0 2250 3450; ppageno 0'>
   <div class='ocr_carea' id='block_1_1' title="bbox 110 149 967 3259">
    <p class='ocr_par' dir='ltr' id='par_1_1' title="bbox 110 149 733 208">
     <span class='ocr_line' id='line_1_1' title="bbox 110 149 733 208; baseline -0.013 0"><span class='ocrx_word' id='word_1_1' title='bbox 110 160 142 208; x_wconf 79' lang='lat'><strong>58</strong></span> <span class='ocrx_word' id='word_1_2' title='bbox 336 153 376 204; x_wconf 82' lang='lat' dir='ltr'><strong>M.</strong></span> <span class='ocrx_word' id='word_1_3' title='bbox 392 151 518 203; x_wconf 78' lang='lat' dir='ltr'>TULLII</span> <span class='ocrx_word' id='word_1_4' title='bbox 540 149 733 202; x_wconf 77' lang='lat' dir='ltr'>CICERONIS</span> 
     </span>
    </p>

    <p class='ocr_par' dir='ltr' id='par_1_2' title="bbox 110 232 967 3259">
     <span class='ocr_line' id='line_1_2' title="bbox 110 232 961 307; baseline -0.007 -14"><span class='ocrx_word' id='word_1_5' title='bbox 110 236 282 307; x_wconf 76' lang='lat' dir='ltr'><strong>vicissimque</strong></span> <span class='ocrx_word' id='word_1_6' title='bbox 302 235 400 304; x_wconf 84' lang='lat' dir='ltr'><strong>accipit</strong></span> <span class='ocrx_word' id='word_1_7' title='bbox 419 233 488 288; x_wconf 91' lang='lat' dir='ltr'><strong>illud</strong></span> <span class='ocrx_word' id='word_1_8' title='bbox 512 233 588 302; x_wconf 90' lang='lat' dir='ltr'><strong>quod</strong></span> <span class='ocrx_word' id='word_1_9' title='bbox 609 233 639 286; x_wconf 93' lang='lat' dir='ltr'><strong>in</strong></span> <span class='ocrx_word' id='word_1_10' title='bbox 662 232 749 286; x_wconf 83' lang='lat' dir='ltr'><strong>altero</strong></span> <span class='ocrx_word' id='word_1_11' title='bbox 772 234 824 299; x_wconf 87' lang='lat' dir='ltr'><strong>est,</strong></span> <span class='ocrx_word' id='word_1_12' title='bbox 847 247 883 287; x_wconf 85' lang='lat' dir='ltr'><strong>ex</strong></span> <span class='ocrx_word' id='word_1_13' title='bbox 906 248 961 301; x_wconf 92' lang='lat' dir='ltr'><strong>quo</strong></span> 
     </span>
     <span class='ocr_line' id='line_1_3' title="bbox 110 305 961 376; baseline -0.006 -9"><span class='ocrx_word' id='word_1_14' title='bbox 110 313 265 367; x_wconf 78' lang='lat' dir='ltr'><strong>exardescit</strong></span> <span class='ocrx_word' id='word_1_15' title='bbox 285 311 342 365; x_wconf 88' lang='lat' dir='ltr'><strong>sive</strong></span> <span class='ocrx_word' id='word_1_16' title='bbox 363 326 440 364; x_wconf 92' lang='lat' dir='ltr'><strong>amor</strong></span> <span class='ocrx_word' id='word_1_17' title='bbox 463 309 519 364; x_wconf 80' lang='lat' dir='ltr'><strong>sire</strong></span> <span class='ocrx_word' id='word_1_18' title='bbox 543 308 671 364; x_wconf 66' lang='lat' dir='ltr'><strong>audatia.</strong></span> <span class='ocrx_word' id='word_1_19' title='bbox 707 309 865 376; x_wconf 87' lang='lat' dir='ltr'><strong>Utrumque</strong></span> <span class='ocrx_word' id='word_1_20' title='bbox 888 305 961 362; x_wconf 86' lang='lat' dir='ltr'><strong>enim</strong></span> 
     </span>
     <span class='ocr_line' id='line_1_4' title="bbox 112 383 961 452; baseline -0.006 -9"><span class='ocrx_word' id='word_1_21' title='bbox 112 389 215 443; x_wconf 88' lang='lat' dir='ltr'><strong>dictum</strong></span> <span class='ocrx_word' id='word_1_22' title='bbox 227 393 270 442; x_wconf 86' lang='lat' dir='ltr'><strong>est</strong></span> <span class='ocrx_word' id='word_1_23' title='bbox 281 387 317 442; x_wconf 91' lang='lat' dir='ltr'><strong>ab</strong></span> <span class='ocrx_word' id='word_1_24' title='bbox 329 386 445 441; x_wconf 90' lang='lat' dir='ltr'><strong>amando</strong></span> <span class='ocrx_word' id='word_1_25' title='bbox 455 407 462 452; x_wconf 94' lang='lat'>;</span> <span class='ocrx_word' id='word_1_26' title='bbox 474 402 567 439; x_wconf 89' lang='lat' dir='ltr'><strong>amare</strong></span> <span class='ocrx_word' id='word_1_27' title='bbox 578 388 670 438; x_wconf 86' lang='lat' dir='ltr'><strong>autem</strong></span> <span class='ocrx_word' id='word_1_28' title='bbox 683 383 749 437; x_wconf 90' lang='lat' dir='ltr'><strong>nihil</strong></span> <span class='ocrx_word' id='word_1_29' title='bbox 762 383 837 437; x_wconf 90' lang='lat' dir='ltr'><strong>aliud</strong></span> <span class='ocrx_word' id='word_1_30' title='bbox 851 387 895 438; x_wconf 89' lang='lat' dir='ltr'><strong>est</strong></span> <span class='ocrx_word' id='word_1_31' title='bbox 908 385 961 437; x_wconf 91' lang='lat' dir='ltr'><strong>nisi</strong></span> 
     </span>
     <span class='ocr_line' id='line_1_5' title="bbox 112 459 962 533; baseline -0.005 -15"><span class='ocrx_word' id='word_1_32' title='bbox 112 481 175 518; x_wconf 92' lang='lat' dir='ltr'><strong>eum</strong></span> <span class='ocrx_word' id='word_1_33' title='bbox 186 466 275 533; x_wconf 91' lang='lat' dir='ltr'><strong>ipsum</strong></span> <span class='ocrx_word' id='word_1_34' title='bbox 291 463 406 531; x_wconf 87' lang='lat' dir='ltr'><strong>diligere</strong></span> <span class='ocrx_word' id='word_1_35' title='bbox 423 478 505 530; x_wconf 92' lang='lat' dir='ltr'><strong>quem</strong></span> <span class='ocrx_word' id='word_1_36' title='bbox 524 477 607 526; x_wconf 88' lang='lat' dir='ltr'><strong>ames,</strong></span> <span class='ocrx_word' id='word_1_37' title='bbox 624 460 698 513; x_wconf 91' lang='lat' dir='ltr'><strong>nulla</strong></span> <span class='ocrx_word' id='word_1_38' title='bbox 714 459 873 527; x_wconf 70' lang='lat' dir='ltr'><strong>indigentia</strong></span> <span class='ocrx_word' id='word_1_39' title='bbox 887 460 962 514; x_wconf 87' lang='lat' dir='ltr'><strong>nulla</strong></span> 
     </span>
     <span class='ocr_line' id='line_1_6' title="bbox 112 536 961 609; baseline -0.007 -15"><span class='ocrx_word' id='word_1_40' title='bbox 112 541 232 594; x_wconf 87' lang='lat' dir='ltr'><strong>utilitate</strong></span> <span class='ocrx_word' id='word_1_41' title='bbox 244 540 374 609; x_wconf 83' lang='lat' dir='ltr'><strong>quaesita,</strong></span> <span class='ocrx_word' id='word_1_42' title='bbox 386 555 457 608; x_wconf 89' lang='lat' dir='ltr'><strong>quae</strong></span> <span class='ocrx_word' id='word_1_43' title='bbox 474 541 566 592; x_wconf 89' lang='lat' dir='ltr'><strong>tamen</strong></span> <span class='ocrx_word' id='word_1_44' title='bbox 583 538 643 606; x_wconf 87' lang='lat' dir='ltr'><strong>ipsa</strong></span> <span class='ocrx_word' id='word_1_45' title='bbox 660 536 803 590; x_wconf 85' lang='lat' dir='ltr'><strong>efflorescit</strong></span> <span class='ocrx_word' id='word_1_46' title='bbox 818 552 853 589; x_wconf 77' lang='lat' dir='ltr'><strong>ex</strong></span> <span class='ocrx_word' id='word_1_47' title='bbox 871 536 961 590; x_wconf 80' lang='lat' dir='ltr'><strong>arnici-</strong></span> 
     </span>
     <span class='ocr_line' id='line_1_7' title="bbox 112 611 961 683; baseline -0.008 -13"><span class='ocrx_word' id='word_1_48' title='bbox 112 616 158 683; x_wconf 90' lang='lat' dir='ltr'><strong>tia,</strong></span> <span class='ocrx_word' id='word_1_49' title='bbox 173 616 255 670; x_wconf 86' lang='lat' dir='ltr'><strong>etiam</strong></span> <span class='ocrx_word' id='word_1_50' title='bbox 270 615 293 668; x_wconf 88' lang='lat' dir='ltr'><strong>si</strong></span> <span class='ocrx_word' id='word_1_51' title='bbox 307 619 338 670; x_wconf 87' lang='lat' dir='ltr'><strong>tu</strong></span> <span class='ocrx_word' id='word_1_52' title='bbox 357 631 417 668; x_wconf 86' lang='lat' dir='ltr'><strong>eam</strong></span> <span class='ocrx_word' id='word_1_53' title='bbox 430 614 519 666; x_wconf 89' lang='lat' dir='ltr'><strong>minus</strong></span> <span class='ocrx_word' id='word_1_54' title='bbox 531 616 664 681; x_wconf 86' lang='lat' dir='ltr'><strong>sequutus</strong></span> <span class='ocrx_word' id='word_1_55' title='bbox 681 612 725 666; x_wconf 88' lang='lat' dir='ltr'><strong>sis.</strong></span> <span class='ocrx_word' id='word_1_56' title='bbox 763 617 819 665; x_wconf 84' lang='lat'>101.</span> <span class='ocrx_word' id='word_1_57' title='bbox 839 611 900 664; x_wconf 90' lang='lat' dir='ltr'><strong>Hae</strong></span> <span class='ocrx_word' id='word_1_58' title='bbox 911 627 961 664; x_wconf 86' lang='lat' dir='ltr'><strong>nos</strong></span> 
     </span>
     <span class='ocr_line' id='line_1_8' title="bbox 112 687 961 755; baseline -0.004 -10"><span class='ocrx_word' id='word_1_59' title='bbox 112 691 297 746; x_wconf 73' lang='lat' dir='ltr'><strong>adolescentes</strong></span> <span class='ocrx_word' id='word_1_60' title='bbox 320 690 510 745; x_wconf 88' lang='lat' dir='ltr'><strong>benevolentia</strong></span> <span class='ocrx_word' id='word_1_61' title='bbox 533 705 612 742; x_wconf 84' lang='lat' dir='ltr'><strong>senes</strong></span> <span class='ocrx_word' id='word_1_62' title='bbox 630 687 692 741; x_wconf 90' lang='lat' dir='ltr'><strong>illos</strong></span> <span class='ocrx_word' id='word_1_63' title='bbox 713 687 744 741; x_wconf 84' lang='lat' dir='ltr'><strong>L.</strong></span> <span class='ocrx_word' id='word_1_64' title='bbox 764 687 897 755; x_wconf 81' lang='lat' dir='ltr'>Paullum,</span> <span class='ocrx_word' id='word_1_65' title='bbox 920 687 961 743; x_wconf 90' lang='lat' dir='ltr'><strong>M.</strong></span> 
     </span>
     <span class='ocr_line' id='line_1_9' title="bbox 113 763 962 836; baseline -0.008 -13"><span class='ocrx_word' id='word_1_66' title='bbox 113 767 253 836; x_wconf 80' lang='lat' dir='ltr'><strong>(latonam,</strong></span> <span class='ocrx_word' id='word_1_67' title='bbox 263 767 293 822; x_wconf 84' lang='lat' dir='ltr'><strong>O.</strong></span> <span class='ocrx_word' id='word_1_68' title='bbox 302 766 418 834; x_wconf 88' lang='lat' dir='ltr'><strong>Gallum,</strong></span> <span class='ocrx_word' id='word_1_69' title='bbox 429 765 458 820; x_wconf 94' lang='lat' dir='ltr'><strong>P.</strong></span> <span class='ocrx_word' id='word_1_70' title='bbox 468 765 604 832; x_wconf 85' lang='lat' dir='ltr'><strong>Nasicam,</strong></span> <span class='ocrx_word' id='word_1_71' title='bbox 613 765 652 818; x_wconf 82' lang='lat' dir='ltr'><strong>Ti.</strong></span> <span class='ocrx_word' id='word_1_72' title='bbox 660 763 821 828; x_wconf 82' lang='lat' dir='ltr'><strong>Gracchum,</strong></span> <span class='ocrx_word' id='word_1_73' title='bbox 830 763 962 832; x_wconf 76' lang='lat' dir='ltr'><strong>Scipionis</strong></span> 
     </span>
     <span class='ocr_line' id='line_1_10' title="bbox 112 838 961 910; baseline -0.006 -13"><span class='ocrx_word' id='word_1_74' title='bbox 112 843 198 897; x_wconf 84' lang='lat' dir='ltr'><strong>nostri</strong></span> <span class='ocrx_word' id='word_1_75' title='bbox 222 859 351 910; x_wconf 88' lang='lat' dir='ltr'><strong>socerum,</strong></span> <span class='ocrx_word' id='word_1_76' title='bbox 364 841 515 895; x_wconf 87' lang='lat' dir='ltr'><strong>dileximus.</strong></span> <span class='ocrx_word' id='word_1_77' title='bbox 551 840 630 894; x_wconf 86' lang='lat' dir='ltr'><strong>Haec</strong></span> <span class='ocrx_word' id='word_1_78' title='bbox 655 840 738 894; x_wconf 88' lang='lat' dir='ltr'><strong>etiam</strong></span> <span class='ocrx_word' id='word_1_79' title='bbox 762 839 848 907; x_wconf 88' lang='lat' dir='ltr'><strong>magis</strong></span> <span class='ocrx_word' id='word_1_80' title='bbox 872 838 961 893; x_wconf 85' lang='lat' dir='ltr'><strong>elucet</strong></span> 
     </span>
     <span class='ocr_line' id='line_1_11' title="bbox 112 914 961 987; baseline -0.007 -15"><span class='ocrx_word' id='word_1_81' title='bbox 112 920 184 974; x_wconf 84' lang='lat' dir='ltr'><strong>inter</strong></span> <span class='ocrx_word' id='word_1_82' title='bbox 201 919 327 987; x_wconf 75' lang='lat' dir='ltr'><strong>aequales</strong></span> <span class='ocrx_word' id='word_1_83' title='bbox 344 921 377 972; x_wconf 92' lang='lat' dir='ltr'><strong>ut</strong></span> <span class='ocrx_word' id='word_1_84' title='bbox 393 917 466 970; x_wconf 87' lang='lat' dir='ltr'><strong>inter</strong></span> <span class='ocrx_word' id='word_1_85' title='bbox 489 934 533 971; x_wconf 89' lang='lat' dir='ltr'><strong>me</strong></span> <span class='ocrx_word' id='word_1_86' title='bbox 557 915 764 984; x_wconf 84' lang='lat' dir='ltr'><strong>etScipionem,</strong></span> <span class='ocrx_word' id='word_1_87' title='bbox 788 915 818 969; x_wconf 86' lang='lat' dir='ltr'><strong>L.</strong></span> <span class='ocrx_word' id='word_1_88' title='bbox 842 914 961 983; x_wconf 82' lang='lat' dir='ltr'><strong>Furium,</strong></span> 
     </span>
     <span class='ocr_line' id='line_1_12' title="bbox 114 990 962 1064; baseline -0.007 -16"><span class='ocrx_word' id='word_1_89' title='bbox 114 995 143 1048; x_wconf 91' lang='lat' dir='ltr'><strong>P.</strong></span> <span class='ocrx_word' id='word_1_90' title='bbox 157 994 303 1064; x_wconf 81' lang='lat' dir='ltr'><strong>Rupilium,</strong></span> <span class='ocrx_word' id='word_1_91' title='bbox 320 994 365 1063; x_wconf 89' lang='lat' dir='ltr'><strong>Sp.</strong></span> <span class='ocrx_word' id='word_1_92' title='bbox 381 992 550 1046; x_wconf 91' lang='lat' dir='ltr'><strong>Mummium.</strong></span> <span class='ocrx_word' id='word_1_93' title='bbox 586 990 714 1044; x_wconf 83' lang='lat' dir='ltr'><strong>Vicissim</strong></span> <span class='ocrx_word' id='word_1_94' title='bbox 732 993 824 1044; x_wconf 82' lang='lat' dir='ltr'><strong>autem</strong></span> <span class='ocrx_word' id='word_1_95' title='bbox 841 1006 920 1043; x_wconf 86' lang='lat' dir='ltr'><strong>senes</strong></span> <span class='ocrx_word' id='word_1_96' title='bbox 933 990 962 1043; x_wconf 94' lang='lat' dir='ltr'><strong>in</strong></span> 
     </span>
     <span class='ocr_line' id='line_1_13' title="bbox 113 1067 963 1137; baseline -0.006 -13"><span class='ocrx_word' id='word_1_97' title='bbox 113 1071 325 1125; x_wconf 88' lang='lat' dir='ltr'><strong>adolescentium</strong></span> <span class='ocrx_word' id='word_1_98' title='bbox 342 1068 457 1123; x_wconf 87' lang='lat' dir='ltr'><strong>caritate</strong></span> <span class='ocrx_word' id='word_1_99' title='bbox 480 1067 683 1137; x_wconf 76' lang='lat' dir='ltr'><strong>acquiescimus,</strong></span> <span class='ocrx_word' id='word_1_100' title='bbox 701 1070 734 1122; x_wconf 91' lang='lat' dir='ltr'><strong>ut</strong></span> <span class='ocrx_word' id='word_1_101' title='bbox 756 1067 785 1120; x_wconf 92' lang='lat' dir='ltr'><strong>in</strong></span> <span class='ocrx_word' id='word_1_102' title='bbox 807 1070 907 1134; x_wconf 82' lang='lat' dir='ltr'><strong>vestra,</strong></span> <span class='ocrx_word' id='word_1_103' title='bbox 930 1068 963 1120; x_wconf 93' lang='lat' dir='ltr'><strong>ut</strong></span> 
     </span>
     <span class='ocr_line' id='line_1_14' title="bbox 112 1141 962 1212; baseline -0.002 -15"><span class='ocrx_word' id='word_1_104' title='bbox 112 1145 140 1197; x_wconf 91' lang='lat' dir='ltr'><strong>in</strong></span> <span class='ocrx_word' id='word_1_105' title='bbox 153 1144 186 1209; x_wconf 84' lang='lat' dir='ltr'><strong>Q.</strong></span> <span class='ocrx_word' id='word_1_106' title='bbox 198 1144 365 1199; x_wconf 75' lang='lat' dir='ltr'><strong>Tuberonis:</strong></span> <span class='ocrx_word' id='word_1_107' title='bbox 379 1143 506 1212; x_wconf 88' lang='lat' dir='ltr'><strong>equidem</strong></span> <span class='ocrx_word' id='word_1_108' title='bbox 521 1143 604 1197; x_wconf 86' lang='lat' dir='ltr'><strong>etiam</strong></span> <span class='ocrx_word' id='word_1_109' title='bbox 619 1142 768 1196; x_wconf 84' lang='lat' dir='ltr'><strong>admodum</strong></span> <span class='ocrx_word' id='word_1_110' title='bbox 782 1141 962 1196; x_wconf 87' lang='lat' dir='ltr'><strong>adolescentis</strong></span> 
     </span>
     <span class='ocr_line' id='line_1_15' title="bbox 116 1217 963 1289; baseline -0.004 -15"><span class='ocrx_word' id='word_1_111' title='bbox 116 1221 143 1274; x_wconf 90' lang='lat' dir='ltr'><strong>P.</strong></span> <span class='ocrx_word' id='word_1_112' title='bbox 157 1220 261 1289; x_wconf 83' lang='lat' dir='ltr'><strong>Rutilii,</strong></span> <span class='ocrx_word' id='word_1_113' title='bbox 274 1223 309 1275; x_wconf 88' lang='lat' dir='ltr'><strong>A.</strong></span> <span class='ocrx_word' id='word_1_114' title='bbox 322 1220 440 1288; x_wconf 88' lang='lat' dir='ltr'><strong>Virginii</strong></span> <span class='ocrx_word' id='word_1_115' title='bbox 456 1219 642 1274; x_wconf 73' lang='lat' dir='ltr'><strong>familiaritate</strong></span> <span class='ocrx_word' id='word_1_116' title='bbox 658 1218 786 1273; x_wconf 85' lang='lat' dir='ltr'><strong>delector.</strong></span> <span class='ocrx_word' id='word_1_117' title='bbox 819 1217 963 1283; x_wconf 82' lang='lat' dir='ltr'><strong>Quoniam·</strong></span> 
     </span>
     <span class='ocr_line' id='line_1_16' title="bbox 114 1295 963 1366; baseline -0.005 -15"><span class='ocrx_word' id='word_1_118' title='bbox 114 1313 167 1366; x_wconf 87' lang='lat' dir='ltr'><strong>que</strong></span> <span class='ocrx_word' id='word_1_119' title='bbox 178 1297 218 1351; x_wconf 85' lang='lat' dir='ltr'><strong>ita</strong></span> <span class='ocrx_word' id='word_1_120' title='bbox 229 1297 299 1350; x_wconf 87' lang='lat' dir='ltr'><strong>ratio</strong></span> <span class='ocrx_word' id='word_1_121' title='bbox 310 1299 466 1365; x_wconf 87' lang='lat' dir='ltr'><strong>comparata</strong></span> <span class='ocrx_word' id='word_1_122' title='bbox 477 1299 521 1349; x_wconf 88' lang='lat' dir='ltr'><strong>est</strong></span> <span class='ocrx_word' id='word_1_123' title='bbox 532 1295 607 1349; x_wconf 83' lang='lat' dir='ltr'><strong>ritae</strong></span> <span class='ocrx_word' id='word_1_124' title='bbox 623 1297 794 1364; x_wconf 82' lang='lat' dir='ltr'><strong>naturaeque</strong></span> <span class='ocrx_word' id='word_1_125' title='bbox 807 1297 917 1348; x_wconf 90' lang='lat' dir='ltr'><strong>nostrae</strong></span> <span class='ocrx_word' id='word_1_126' title='bbox 930 1295 963 1347; x_wconf 89' lang='lat' dir='ltr'><strong>ut</strong></span> 
     </span>
     <span class='ocr_line' id='line_1_17' title="bbox 112 1369 963 1441; baseline -0.006 -15"><span class='ocrx_word' id='word_1_127' title='bbox 112 1373 165 1426; x_wconf 86' lang='lat' dir='ltr'><strong>alia</strong></span> <span class='ocrx_word' id='word_1_128' title='bbox 176 1375 252 1426; x_wconf 89' lang='lat' dir='ltr'><strong>aetas</strong></span> <span class='ocrx_word' id='word_1_129' title='bbox 264 1372 368 1426; x_wconf 87' lang='lat' dir='ltr'><strong>oriatur</strong></span> <span class='ocrx_word' id='word_1_130' title='bbox 375 1371 420 1441; x_wconf 87' lang='lat' dir='ltr'><strong>[ex</strong></span> <span class='ocrx_word' id='word_1_131' title='bbox 432 1370 503 1440; x_wconf 74' lang='lat' dir='ltr'><strong>alial,</strong></span> <span class='ocrx_word' id='word_1_132' title='bbox 510 1371 629 1425; x_wconf 84' lang='lat' dir='ltr'><strong>maxime</strong></span> <span class='ocrx_word' id='word_1_133' title='bbox 639 1370 750 1438; x_wconf 92' lang='lat' dir='ltr'><strong>quidem</strong></span> <span class='ocrx_word' id='word_1_134' title='bbox 758 1369 909 1438; x_wconf 86' lang='lat' dir='ltr'><strong>optandum</strong></span> <span class='ocrx_word' id='word_1_135' title='bbox 918 1371 963 1422; x_wconf 91' lang='lat' dir='ltr'><strong>est</strong></span> 
     </span>
     <span class='ocr_line' id='line_1_18' title="bbox 113 1446 963 1516; baseline -0.006 -13"><span class='ocrx_word' id='word_1_136' title='bbox 113 1452 146 1503; x_wconf 93' lang='lat' dir='ltr'><strong>ut</strong></span> <span class='ocrx_word' id='word_1_137' title='bbox 153 1465 214 1503; x_wconf 90' lang='lat' dir='ltr'><strong>cum</strong></span> <span class='ocrx_word' id='word_1_138' title='bbox 226 1448 384 1516; x_wconf 84' lang='lat' dir='ltr'><strong>aequalibus</strong></span> <span class='ocrx_word' id='word_1_139' title='bbox 396 1446 489 1515; x_wconf 90' lang='lat' dir='ltr'><strong>possis,</strong></span> <span class='ocrx_word' id='word_1_140' title='bbox 502 1446 663 1515; x_wconf 90' lang='lat' dir='ltr'><strong>quibuscum</strong></span> <span class='ocrx_word' id='word_1_141' title='bbox 674 1448 814 1514; x_wconf 89' lang='lat' dir='ltr'><strong>tamquam</strong></span> <span class='ocrx_word' id='word_1_142' title='bbox 825 1462 842 1498; x_wconf 88' lang='lat' dir='ltr'><strong>c</strong></span> <span class='ocrx_word' id='word_1_143' title='bbox 859 1461 963 1498; x_wconf 87' lang='lat' dir='ltr'><strong>carcer-</strong></span> 
     </span>
     <span class='ocr_line' id='line_1_19' title="bbox 113 1519 963 1590; baseline -0.006 -12"><span class='ocrx_word' id='word_1_144' title='bbox 113 1523 174 1578; x_wconf 89' lang='lat' dir='ltr'><strong>ibus</strong></span> <span class='ocrx_word' id='word_1_145' title='bbox 197 1525 311 1578; x_wconf 88' lang='lat' dir='ltr'><strong>emissus</strong></span> <span class='ocrx_word' id='word_1_146' title='bbox 334 1524 377 1590; x_wconf 92' lang='lat' dir='ltr'><strong>sis,</strong></span> <span class='ocrx_word' id='word_1_147' title='bbox 402 1539 464 1576; x_wconf 89' lang='lat' dir='ltr'><strong>oum</strong></span> <span class='ocrx_word' id='word_1_148' title='bbox 484 1521 582 1575; x_wconf 91' lang='lat' dir='ltr'><strong>iisdem</strong></span> <span class='ocrx_word' id='word_1_149' title='bbox 605 1521 642 1574; x_wconf 91' lang='lat' dir='ltr'><strong>ad</strong></span> <span class='ocrx_word' id='word_1_150' title='bbox 657 1520 766 1588; x_wconf 85' lang='lat' dir='ltr'><strong>calcem,</strong></span> <span class='ocrx_word' id='word_1_151' title='bbox 793 1523 827 1574; x_wconf 92' lang='lat' dir='ltr'><strong>ut</strong></span> <span class='ocrx_word' id='word_1_152' title='bbox 854 1519 963 1588; x_wconf 87' lang='lat' dir='ltr'><strong>dicitur,</strong></span> 
     </span>
     <span class='ocr_line' id='line_1_20' title="bbox 112 1595 963 1669; baseline -0.006 -15"><span class='ocrx_word' id='word_1_153' title='bbox 112 1600 262 1669; x_wconf 86' lang='lat' dir='ltr'><strong>pervenire.</strong></span> <span class='ocrx_word' id='word_1_154' title='bbox 300 1605 355 1653; x_wconf 78' lang='lat' dir='ltr'><strong>loa.</strong></span> <span class='ocrx_word' id='word_1_155' title='bbox 380 1597 435 1653; x_wconf 88' lang='lat' dir='ltr'><strong>Sed</strong></span> <span class='ocrx_word' id='word_1_156' title='bbox 463 1597 590 1666; x_wconf 89' lang='lat' dir='ltr'><strong>quoniam</strong></span> <span class='ocrx_word' id='word_1_157' title='bbox 617 1614 662 1650; x_wconf 86' lang='lat' dir='ltr'><strong>res</strong></span> <span class='ocrx_word' id='word_1_158' title='bbox 688 1596 822 1650; x_wconf 87' lang='lat' dir='ltr'><strong>humanae</strong></span> <span class='ocrx_word' id='word_1_159' title='bbox 851 1595 963 1664; x_wconf 81' lang='lat' dir='ltr'><strong>fragiles</strong></span> 
     </span>
     <span class='ocr_line' id='line_1_21' title="bbox 113 1672 963 1746; baseline -0.006 -16"><span class='ocrx_word' id='word_1_160' title='bbox 113 1675 286 1746; x_wconf 85' lang='lat' dir='ltr'><strong>caducaeque</strong></span> <span class='ocrx_word' id='word_1_161' title='bbox 305 1676 375 1743; x_wconf 82' lang='grc' dir='ltr'>ιιιιιι,</span> <span class='ocrx_word' id='word_1_162' title='bbox 388 1686 495 1743; x_wconf 86' lang='lat' dir='ltr'><strong>semper</strong></span> <span class='ocrx_word' id='word_1_163' title='bbox 515 1673 600 1741; x_wconf 87' lang='lat' dir='ltr'><strong>aliqui</strong></span> <span class='ocrx_word' id='word_1_164' title='bbox 617 1672 782 1742; x_wconf 88' lang='lat' dir='ltr'><strong>anquirendi</strong></span> <span class='ocrx_word' id='word_1_165' title='bbox 806 1674 871 1727; x_wconf 82' lang='lat' dir='ltr'><strong>sunt</strong></span> <span class='ocrx_word' id='word_1_166' title='bbox 893 1687 963 1741; x_wconf 89' lang='lat' dir='ltr'><strong>quos</strong></span> 
     </span>
     <span class='ocr_line' id='line_1_22' title="bbox 114 1748 963 1821; baseline -0.006 -15"><span class='ocrx_word' id='word_1_167' title='bbox 114 1753 257 1821; x_wconf 90' lang='lat' dir='ltr'><strong>diligamus</strong></span> <span class='ocrx_word' id='word_1_168' title='bbox 269 1755 299 1806; x_wconf 85' lang='lat' dir='ltr'><strong>et</strong></span> <span class='ocrx_word' id='word_1_169' title='bbox 310 1769 326 1805; x_wconf 91' lang='lat' dir='ltr'><strong>a</strong></span> <span class='ocrx_word' id='word_1_170' title='bbox 338 1750 437 1820; x_wconf 90' lang='lat' dir='ltr'><strong>quibus</strong></span> <span class='ocrx_word' id='word_1_171' title='bbox 448 1749 611 1819; x_wconf 85' lang='lat' dir='ltr'><strong>diligamur:</strong></span> <span class='ocrx_word' id='word_1_172' title='bbox 631 1749 746 1803; x_wconf 85' lang='lat' dir='ltr'><strong>caritate</strong></span> <span class='ocrx_word' id='word_1_173' title='bbox 761 1749 833 1803; x_wconf 90' lang='lat' dir='ltr'><strong>enim</strong></span> <span class='ocrx_word' id='word_1_174' title='bbox 848 1748 963 1802; x_wconf 77' lang='lat' dir='ltr'><strong>benere</strong></span> 
     </span>
     <span class='ocr_line' id='line_1_23' title="bbox 114 1824 962 1897; baseline -0.002 -16"><span class='ocrx_word' id='word_1_175' title='bbox 114 1829 252 1897; x_wconf 87' lang='lat' dir='ltr'><strong>lentiaque</strong></span> <span class='ocrx_word' id='word_1_176' title='bbox 272 1827 379 1881; x_wconf 87' lang='lat' dir='ltr'><strong>sublata</strong></span> <span class='ocrx_word' id='word_1_177' title='bbox 394 1825 481 1879; x_wconf 87' lang='lat' dir='ltr'><strong>omnis</strong></span> <span class='ocrx_word' id='word_1_178' title='bbox 504 1829 547 1880; x_wconf 87' lang='lat' dir='ltr'><strong>est</strong></span> <span class='ocrx_word' id='word_1_179' title='bbox 565 1842 581 1879; x_wconf 90' lang='lat' dir='ltr'><strong>a</strong></span> <span class='ocrx_word' id='word_1_180' title='bbox 597 1826 655 1880; x_wconf 84' lang='lat' dir='ltr'><strong>rita</strong></span> <span class='ocrx_word' id='word_1_181' title='bbox 671 1824 780 1879; x_wconf 86' lang='lat' dir='ltr'><strong>sublata</strong></span> <span class='ocrx_word' id='word_1_182' title='bbox 796 1824 962 1893; x_wconf 84' lang='lat' dir='ltr'><strong>jucunditas.</strong></span> 
     </span>
     <span class='ocr_line' id='line_1_24' title="bbox 114 1900 963 1971; baseline -0.004 -14"><span class='ocrx_word' id='word_1_183' title='bbox 114 1905 183 1957; x_wconf 92' lang='lat' dir='ltr'><strong>Mihi</strong></span> <span class='ocrx_word' id='word_1_184' title='bbox 195 1904 305 1971; x_wconf 82' lang='lat' dir='ltr'><strong>quidem</strong></span> <span class='ocrx_word' id='word_1_185' title='bbox 318 1902 414 1970; x_wconf 79' lang='lat' dir='ltr'><strong>Scipio,</strong></span> <span class='ocrx_word' id='word_1_186' title='bbox 427 1917 592 1970; x_wconf 89' lang='lat' dir='ltr'><strong>quamquam</strong></span> <span class='ocrx_word' id='word_1_187' title='bbox 603 1905 647 1955; x_wconf 88' lang='lat' dir='ltr'><strong>est</strong></span> <span class='ocrx_word' id='word_1_188' title='bbox 659 1900 751 1955; x_wconf 85' lang='lat' dir='ltr'><strong>subito</strong></span> <span class='ocrx_word' id='word_1_189' title='bbox 763 1904 884 1969; x_wconf 85' lang='lat' dir='ltr'><strong>ereptus,</strong></span> <span class='ocrx_word' id='word_1_190' title='bbox 895 1901 963 1954; x_wconf 82' lang='lat' dir='ltr'><strong>vivit</strong></span> 
     </span>
     <span class='ocr_line' id='line_1_25' title="bbox 113 1975 962 2047; baseline -0.004 -15"><span class='ocrx_word' id='word_1_191' title='bbox 113 1982 205 2033; x_wconf 85' lang='lat' dir='ltr'><strong>tamen</strong></span> <span class='ocrx_word' id='word_1_192' title='bbox 217 1993 379 2047; x_wconf 89' lang='lat' dir='ltr'><strong>semperque</strong></span> <span class='ocrx_word' id='word_1_193' title='bbox 391 1977 465 2030; x_wconf 86' lang='lat' dir='ltr'><strong>vivet</strong></span> <span class='ocrx_word' id='word_1_194' title='bbox 475 1996 482 2041; x_wconf 91' lang='lat'>;</span> <span class='ocrx_word' id='word_1_195' title='bbox 493 1975 625 2030; x_wconf 85' lang='lat' dir='ltr'><strong>virtutem</strong></span> <span class='ocrx_word' id='word_1_196' title='bbox 637 1976 710 2029; x_wconf 87' lang='lat' dir='ltr'><strong>enim</strong></span> <span class='ocrx_word' id='word_1_197' title='bbox 721 1977 810 2029; x_wconf 82' lang='lat' dir='ltr'><strong>amavi</strong></span> <span class='ocrx_word' id='word_1_198' title='bbox 822 1976 894 2029; x_wconf 88' lang='lat' dir='ltr'><strong>illius</strong></span> <span class='ocrx_word' id='word_1_199' title='bbox 912 1975 962 2029; x_wconf 85' lang='lat' dir='ltr'><strong>viri</strong></span> 
     </span>
     <span class='ocr_line' id='line_1_26' title="bbox 114 2052 963 2123; baseline -0.004 -14"><span class='ocrx_word' id='word_1_200' title='bbox 114 2071 185 2123; x_wconf 84' lang='lat' dir='ltr'><strong>quae</strong></span> <span class='ocrx_word' id='word_1_201' title='bbox 205 2055 340 2108; x_wconf 87' lang='lat' dir='ltr'><strong>exstincta</strong></span> <span class='ocrx_word' id='word_1_202' title='bbox 359 2069 412 2106; x_wconf 90' lang='lat' dir='ltr'><strong>non</strong></span> <span class='ocrx_word' id='word_1_203' title='bbox 432 2055 482 2107; x_wconf 90' lang='lat' dir='ltr'><strong>est.</strong></span> <span class='ocrx_word' id='word_1_204' title='bbox 517 2052 577 2106; x_wconf 88' lang='lat' dir='ltr'><strong>Nec</strong></span> <span class='ocrx_word' id='word_1_205' title='bbox 595 2052 662 2104; x_wconf 92' lang='lat' dir='ltr'><strong>mihi</strong></span> <span class='ocrx_word' id='word_1_206' title='bbox 682 2052 733 2105; x_wconf 87' lang='lat' dir='ltr'><strong>soli</strong></span> <span class='ocrx_word' id='word_1_207' title='bbox 751 2054 878 2105; x_wconf 84' lang='lat' dir='ltr'><strong>versatur</strong></span> <span class='ocrx_word' id='word_1_208' title='bbox 898 2055 963 2106; x_wconf 81' lang='lat' dir='ltr'><strong>anta</strong></span> 
     </span>
     <span class='ocr_line' id='line_1_27' title="bbox 113 2126 962 2200; baseline -0.005 -16"><span class='ocrx_word' id='word_1_209' title='bbox 113 2130 212 2197; x_wconf 87' lang='lat' dir='ltr'><strong>oculos,</strong></span> <span class='ocrx_word' id='word_1_210' title='bbox 231 2129 278 2200; x_wconf 92' lang='lat' dir='ltr'><strong>qui</strong></span> <span class='ocrx_word' id='word_1_211' title='bbox 296 2129 370 2183; x_wconf 90' lang='lat' dir='ltr'><strong>illam</strong></span> <span class='ocrx_word' id='word_1_212' title='bbox 388 2144 495 2197; x_wconf 88' lang='lat' dir='ltr'><strong>semper</strong></span> <span class='ocrx_word' id='word_1_213' title='bbox 512 2128 540 2181; x_wconf 92' lang='lat' dir='ltr'><strong>iu</strong></span> <span class='ocrx_word' id='word_1_214' title='bbox 558 2126 684 2181; x_wconf 88' lang='lat' dir='ltr'><strong>manibus</strong></span> <span class='ocrx_word' id='word_1_215' title='bbox 701 2127 792 2194; x_wconf 90' lang='lat' dir='ltr'><strong>habui,</strong></span> <span class='ocrx_word' id='word_1_216' title='bbox 811 2127 861 2181; x_wconf 91' lang='lat' dir='ltr'><strong>sed</strong></span> <span class='ocrx_word' id='word_1_217' title='bbox 879 2127 962 2180; x_wconf 90' lang='lat' dir='ltr'><strong>etiam</strong></span> 
     </span>
     <span class='ocr_line' id='line_1_28' title="bbox 114 2204 963 2275; baseline -0.006 -14"><span class='ocrx_word' id='word_1_218' title='bbox 114 2207 230 2275; x_wconf 83' lang='lat' dir='ltr'><strong>posteris</strong></span> <span class='ocrx_word' id='word_1_219' title='bbox 253 2205 307 2261; x_wconf 88' lang='lat' dir='ltr'><strong>erit</strong></span> <span class='ocrx_word' id='word_1_220' title='bbox 324 2206 397 2259; x_wconf 87' lang='lat' dir='ltr'><strong>clara</strong></span> <span class='ocrx_word' id='word_1_221' title='bbox 415 2208 444 2259; x_wconf 89' lang='lat' dir='ltr'><strong>et</strong></span> <span class='ocrx_word' id='word_1_222' title='bbox 466 2204 587 2272; x_wconf 81' lang='lat' dir='ltr'><strong>insignis</strong></span> <span class='ocrx_word' id='word_1_223' title='bbox 618 2204 707 2256; x_wconf 88' lang='lat' dir='ltr'><strong>Nemo</strong></span> <span class='ocrx_word' id='word_1_224' title='bbox 730 2220 850 2272; x_wconf 88' lang='lat' dir='ltr'><strong>unquam</strong></span> <span class='ocrx_word' id='word_1_225' title='bbox 873 2204 963 2256; x_wconf 91' lang='lat' dir='ltr'><strong>auimo</strong></span> 
     </span>
     <span class='ocr_line' id='line_1_29' title="bbox 114 2278 962 2351; baseline -0.005 -16"><span class='ocrx_word' id='word_1_226' title='bbox 114 2286 162 2336; x_wconf 87' lang='lat' dir='ltr'><strong>aut</strong></span> <span class='ocrx_word' id='word_1_227' title='bbox 178 2298 227 2351; x_wconf 89' lang='lat' dir='ltr'><strong>spe</strong></span> <span class='ocrx_word' id='word_1_228' title='bbox 247 2281 351 2351; x_wconf 80' lang='lat' dir='ltr'><strong>maJ‘ora</strong></span> <span class='ocrx_word' id='word_1_229' title='bbox 368 2281 497 2350; x_wconf 89' lang='lat' dir='ltr'><strong>suscipiet</strong></span> <span class='ocrx_word' id='word_1_230' title='bbox 511 2280 558 2347; x_wconf 89' lang='lat' dir='ltr'><strong>qui</strong></span> <span class='ocrx_word' id='word_1_231' title='bbox 573 2279 625 2332; x_wconf 91' lang='lat' dir='ltr'><strong>sibi</strong></span> <span class='ocrx_word' id='word_1_232' title='bbox 643 2295 697 2332; x_wconf 90' lang='lat' dir='ltr'><strong>non</strong></span> <span class='ocrx_word' id='word_1_233' title='bbox 714 2278 787 2332; x_wconf 88' lang='lat' dir='ltr'><strong>illius</strong></span> <span class='ocrx_word' id='word_1_234' title='bbox 804 2280 962 2332; x_wconf 87' lang='lat' dir='ltr'><strong>memoriam</strong></span> 
     </span>
     <span class='ocr_line' id='line_1_30' title="bbox 114 2354 963 2427; baseline -0.005 -16"><span class='ocrx_word' id='word_1_235' title='bbox 114 2362 197 2427; x_wconf 86' lang='lat' dir='ltr'><strong>atque</strong></span> <span class='ocrx_word' id='word_1_236' title='bbox 212 2358 358 2426; x_wconf 83' lang='lat' dir='ltr'><strong>imaginem</strong></span> <span class='ocrx_word' id='word_1_237' title='bbox 370 2356 572 2427; x_wconf 88' lang='lat' dir='ltr'><strong>proponendam</strong></span> <span class='ocrx_word' id='word_1_238' title='bbox 583 2358 671 2424; x_wconf 86' lang='lat' dir='ltr'><strong>putet.</strong></span> <span class='ocrx_word' id='word_1_239' title='bbox 708 2360 764 2409; x_wconf 87' lang='lat'>103.</span> <span class='ocrx_word' id='word_1_240' title='bbox 777 2354 914 2423; x_wconf 80' lang='lat' dir='ltr'><strong>Equidem</strong></span> <span class='ocrx_word' id='word_1_241' title='bbox 928 2370 963 2407; x_wconf 85' lang='lat' dir='ltr'><strong>ex</strong></span> 
     </span>
     <span class='ocr_line' id='line_1_31' title="bbox 114 2430 963 2503; baseline -0.004 -17"><span class='ocrx_word' id='word_1_242' title='bbox 114 2434 239 2488; x_wconf 89' lang='lat' dir='ltr'><strong>omnibus</strong></span> <span class='ocrx_word' id='word_1_243' title='bbox 249 2434 330 2489; x_wconf 82' lang='lat' dir='ltr'><strong>rebus</strong></span> <span class='ocrx_word' id='word_1_244' title='bbox 343 2450 411 2503; x_wconf 87' lang='lat' dir='ltr'><strong>quas</strong></span> <span class='ocrx_word' id='word_1_245' title='bbox 423 2433 490 2486; x_wconf 91' lang='lat' dir='ltr'><strong>mihi</strong></span> <span class='ocrx_word' id='word_1_246' title='bbox 502 2434 551 2485; x_wconf 87' lang='lat' dir='ltr'><strong>aut</strong></span> <span class='ocrx_word' id='word_1_247' title='bbox 562 2431 673 2485; x_wconf 82' lang='lat' dir='ltr'><strong>fortuna</strong></span> <span class='ocrx_word' id='word_1_248' title='bbox 683 2433 732 2484; x_wconf 88' lang='lat' dir='ltr'><strong>aut</strong></span> <span class='ocrx_word' id='word_1_249' title='bbox 746 2434 844 2484; x_wconf 86' lang='lat' dir='ltr'><strong>natura</strong></span> <span class='ocrx_word' id='word_1_250' title='bbox 857 2430 963 2495; x_wconf 83' lang='lat' dir='ltr'><strong>tribuit,</strong></span> 
     </span>
     <span class='ocr_line' id='line_1_32' title="bbox 114 2506 964 2579; baseline -0.006 -16"><span class='ocrx_word' id='word_1_251' title='bbox 114 2510 181 2565; x_wconf 90' lang='lat' dir='ltr'><strong>nihil</strong></span> <span class='ocrx_word' id='word_1_252' title='bbox 192 2509 279 2565; x_wconf 89' lang='lat' dir='ltr'><strong>babeo</strong></span> <span class='ocrx_word' id='word_1_253' title='bbox 291 2510 365 2579; x_wconf 91' lang='lat' dir='ltr'><strong>quod</strong></span> <span class='ocrx_word' id='word_1_254' title='bbox 377 2526 439 2563; x_wconf 92' lang='lat' dir='ltr'><strong>cum</strong></span> <span class='ocrx_word' id='word_1_255' title='bbox 454 2508 574 2563; x_wconf 87' lang='lat' dir='ltr'><strong>amicitia</strong></span> <span class='ocrx_word' id='word_1_256' title='bbox 590 2507 722 2575; x_wconf 82' lang='lat' dir='ltr'><strong>Scipionis</strong></span> <span class='ocrx_word' id='word_1_257' title='bbox 740 2506 840 2575; x_wconf 87' lang='lat' dir='ltr'><strong>possim</strong></span> <span class='ocrx_word' id='word_1_258' title='bbox 857 2522 964 2574; x_wconf 89' lang='lat' dir='ltr'><strong>compa·</strong></span> 
     </span>
     <span class='ocr_line' id='line_1_33' title="bbox 114 2581 964 2653; baseline -0.006 -13"><span class='ocrx_word' id='word_1_259' title='bbox 114 2603 183 2643; x_wconf 88' lang='lat' dir='ltr'><strong>rare.</strong></span> <span class='ocrx_word' id='word_1_260' title='bbox 219 2587 252 2640; x_wconf 90' lang='lat' dir='ltr'><strong>In</strong></span> <span class='ocrx_word' id='word_1_261' title='bbox 275 2587 325 2640; x_wconf 85' lang='lat' dir='ltr'><strong>hac</strong></span> <span class='ocrx_word' id='word_1_262' title='bbox 348 2585 415 2639; x_wconf 88' lang='lat' dir='ltr'><strong>mihi</strong></span> <span class='ocrx_word' id='word_1_263' title='bbox 438 2585 473 2639; x_wconf 93' lang='lat' dir='ltr'><strong>de</strong></span> <span class='ocrx_word' id='word_1_264' title='bbox 495 2601 526 2638; x_wconf 92' lang='lat' dir='ltr'><strong>re</strong></span> <span class='ocrx_word' id='word_1_265' title='bbox 549 2582 659 2653; x_wconf 87' lang='lat' dir='ltr'><strong>publica</strong></span> <span class='ocrx_word' id='word_1_266' title='bbox 682 2598 834 2648; x_wconf 90' lang='lat' dir='ltr'><strong>consensus,</strong></span> <span class='ocrx_word' id='word_1_267' title='bbox 858 2581 886 2635; x_wconf 92' lang='lat' dir='ltr'><strong>in</strong></span> <span class='ocrx_word' id='word_1_268' title='bbox 914 2581 964 2635; x_wconf 89' lang='lat' dir='ltr'><strong>bac</strong></span> 
     </span>
     <span class='ocr_line' id='line_1_34' title="bbox 114 2657 965 2731; baseline -0.008 -15"><span class='ocrx_word' id='word_1_269' title='bbox 114 2678 206 2716; x_wconf 90' lang='lat' dir='ltr'><strong>rerum</strong></span> <span class='ocrx_word' id='word_1_270' title='bbox 218 2662 385 2731; x_wconf 85' lang='lat' dir='ltr'><strong>privatarma</strong></span> <span class='ocrx_word' id='word_1_271' title='bbox 396 2661 546 2726; x_wconf 66' lang='lat' dir='ltr'><strong>canalium,</strong></span> <span class='ocrx_word' id='word_1_272' title='bbox 555 2660 585 2712; x_wconf 91' lang='lat' dir='ltr'><strong>in</strong></span> <span class='ocrx_word' id='word_1_273' title='bbox 597 2658 693 2712; x_wconf 88' lang='lat' dir='ltr'><strong>eadem</strong></span> <span class='ocrx_word' id='word_1_274' title='bbox 705 2658 816 2726; x_wconf 89' lang='lat' dir='ltr'><strong>requies</strong></span> <span class='ocrx_word' id='word_1_275' title='bbox 827 2658 908 2727; x_wconf 89' lang='lat' dir='ltr'><strong>plena</strong></span> <span class='ocrx_word' id='word_1_276' title='bbox 918 2657 965 2710; x_wconf 88' lang='lat' dir='ltr'><strong>ob</strong></span> 
     </span>
     <span class='ocr_line' id='line_1_35' title="bbox 114 2733 965 2805; baseline -0.005 -14"><span class='ocrx_word' id='word_1_277' title='bbox 114 2737 268 2792; x_wconf 89' lang='lat' dir='ltr'><strong>lactationis</strong></span> <span class='ocrx_word' id='word_1_278' title='bbox 284 2738 344 2792; x_wconf 84' lang='lat' dir='ltr'><strong>fuit.</strong></span> <span class='ocrx_word' id='word_1_279' title='bbox 371 2736 520 2805; x_wconf 86' lang='lat' dir='ltr'><strong>Nunquam</strong></span> <span class='ocrx_word' id='word_1_280' title='bbox 534 2735 611 2787; x_wconf 93' lang='lat' dir='ltr'><strong>illum</strong></span> <span class='ocrx_word' id='word_1_281' title='bbox 626 2750 661 2787; x_wconf 93' lang='lat' dir='ltr'><strong>ne</strong></span> <span class='ocrx_word' id='word_1_282' title='bbox 676 2733 789 2787; x_wconf 88' lang='lat' dir='ltr'><strong>minima</strong></span> <span class='ocrx_word' id='word_1_283' title='bbox 805 2733 917 2801; x_wconf 92' lang='lat' dir='ltr'><strong>quidem</strong></span> <span class='ocrx_word' id='word_1_284' title='bbox 933 2750 965 2787; x_wconf 92' lang='lat' dir='ltr'><strong>re</strong></span> 
     </span>
     <span class='ocr_line' id='line_1_36' title="bbox 114 2807 965 2881; baseline -0.006 -15"><span class='ocrx_word' id='word_1_285' title='bbox 114 2813 216 2866; x_wconf 85' lang='lat' dir='ltr'><strong>offendi</strong></span> <span class='ocrx_word' id='word_1_286' title='bbox 232 2812 306 2881; x_wconf 94' lang='lat' dir='ltr'><strong>quod</strong></span> <span class='ocrx_word' id='word_1_287' title='bbox 323 2812 434 2880; x_wconf 91' lang='lat' dir='ltr'><strong>quidem</strong></span> <span class='ocrx_word' id='word_1_288' title='bbox 457 2809 606 2874; x_wconf 70' lang='lat' dir='ltr'><strong>senserim</strong></span> <span class='ocrx_word' id='word_1_289' title='bbox 624 2808 692 2861; x_wconf 91' lang='lat' dir='ltr'><strong>nihil</strong></span> <span class='ocrx_word' id='word_1_290' title='bbox 709 2807 802 2861; x_wconf 85' lang='lat' dir='ltr'><strong>audivi</strong></span> <span class='ocrx_word' id='word_1_291' title='bbox 814 2825 848 2861; x_wconf 81' lang='lat' dir='ltr'><strong>ex</strong></span> <span class='ocrx_word' id='word_1_292' title='bbox 861 2824 893 2862; x_wconf 91' lang='lat' dir='ltr'><strong>eo</strong></span> <span class='ocrx_word' id='word_1_293' title='bbox 905 2808 965 2877; x_wconf 91' lang='lat' dir='ltr'><strong>ipse</strong></span> 
     </span>
     <span class='ocr_line' id='line_1_37' title="bbox 115 2882 964 2956; baseline -0.004 -16"><span class='ocrx_word' id='word_1_294' title='bbox 115 2888 190 2956; x_wconf 90' lang='lat' dir='ltr'><strong>quod</strong></span> <span class='ocrx_word' id='word_1_295' title='bbox 201 2888 308 2941; x_wconf 87' lang='lat' dir='ltr'><strong>nollem.</strong></span> <span class='ocrx_word' id='word_1_296' title='bbox 341 2888 404 2942; x_wconf 89' lang='lat' dir='ltr'><strong>Una</strong></span> <span class='ocrx_word' id='word_1_297' title='bbox 421 2887 518 2940; x_wconf 91' lang='lat' dir='ltr'><strong>domus</strong></span> <span class='ocrx_word' id='word_1_298' title='bbox 535 2889 604 2953; x_wconf 89' lang='lat' dir='ltr'><strong>erat,</strong></span> <span class='ocrx_word' id='word_1_299' title='bbox 621 2882 694 2936; x_wconf 90' lang='lat' dir='ltr'><strong>idem</strong></span> <span class='ocrx_word' id='word_1_300' title='bbox 707 2882 795 2938; x_wconf 79' lang='lat' dir='ltr'><strong>victus</strong></span> <span class='ocrx_word' id='word_1_301' title='bbox 806 2884 884 2952; x_wconf 88' lang='lat' dir='ltr'><strong>isque</strong></span> <span class='ocrx_word' id='word_1_302' title='bbox 893 2900 964 2938; x_wconf 91' lang='lat' dir='ltr'><strong>com-</strong></span> 
     </span>
     <span class='ocr_line' id='line_1_38' title="bbox 115 2958 965 3030; baseline -0.005 -13"><span class='ocrx_word' id='word_1_303' title='bbox 115 2964 222 3029; x_wconf 86' lang='lat' dir='ltr'><strong>munis;</strong></span> <span class='ocrx_word' id='word_1_304' title='bbox 242 2980 331 3030; x_wconf 89' lang='lat' dir='ltr'><strong>neque</strong></span> <span class='ocrx_word' id='word_1_305' title='bbox 352 2964 449 3017; x_wconf 82' lang='lat' dir='ltr'><strong>militia</strong></span> <span class='ocrx_word' id='word_1_306' title='bbox 467 2962 554 3015; x_wconf 91' lang='lat' dir='ltr'><strong>solum</strong></span> <span class='ocrx_word' id='word_1_307' title='bbox 573 2958 717 3015; x_wconf 86' lang='lat' dir='ltr'><strong>sedetiam</strong></span> <span class='ocrx_word' id='word_1_308' title='bbox 731 2961 965 3028; x_wconf 84' lang='lat' dir='ltr'><strong>peregrinationes</strong></span> 
     </span>
     <span class='ocr_line' id='line_1_39' title="bbox 115 3031 967 3106; baseline -0.005 -13"><span class='ocrx_word' id='word_1_309' title='bbox 115 3040 362 3106; x_wconf 85' lang='lat' dir='ltr'><strong>rusticationesque</strong></span> <span class='ocrx_word' id='word_1_310' title='bbox 385 3052 548 3089; x_wconf 90' lang='lat' dir='ltr'><strong>communes.</strong></span> <span class='ocrx_word' id='word_1_311' title='bbox 585 3039 642 3087; x_wconf 81' lang='lat'><strong>104.</strong></span> <span class='ocrx_word' id='word_1_312' title='bbox 665 3034 737 3087; x_wconf 84' lang='lat' dir='ltr'><strong>Nam</strong></span> <span class='ocrx_word' id='word_1_313' title='bbox 762 3035 830 3103; x_wconf 88' lang='lat' dir='ltr'><strong>quid</strong></span> <span class='ocrx_word' id='word_1_314' title='bbox 854 3051 905 3103; x_wconf 89' lang='lat' dir='ltr'><strong>ego</strong></span> <span class='ocrx_word' id='word_1_315' title='bbox 929 3031 967 3089; x_wconf 66' lang='lat' dir='ltr'><strong>de&#39;</strong></span> 
     </span>
     <span class='ocr_line' id='line_1_40' title="bbox 116 3108 964 3180; baseline -0.004 -13"><span class='ocrx_word' id='word_1_316' title='bbox 116 3115 215 3168; x_wconf 87' lang='lat' dir='ltr'><strong>studiis</strong></span> <span class='ocrx_word' id='word_1_317' title='bbox 226 3113 315 3166; x_wconf 88' lang='lat' dir='ltr'><strong>dicam</strong></span> <span class='ocrx_word' id='word_1_318' title='bbox 324 3112 501 3179; x_wconf 82' lang='lat' dir='ltr'><strong>cognoscendi</strong></span> <span class='ocrx_word' id='word_1_319' title='bbox 511 3125 618 3177; x_wconf 89' lang='lat' dir='ltr'><strong>semper</strong></span> <span class='ocrx_word' id='word_1_320' title='bbox 627 3108 731 3178; x_wconf 88' lang='lat' dir='ltr'><strong>aliquid</strong></span> <span class='ocrx_word' id='word_1_321' title='bbox 738 3114 823 3180; x_wconf 80' lang='lat' dir='ltr'><strong>abque</strong></span> <span class='ocrx_word' id='word_1_322' title='bbox 833 3111 964 3178; x_wconf 81' lang='lat' dir='ltr'><strong>discendi,</strong></span> 
     </span>
     <span class='ocr_line' id='line_1_41' title="bbox 115 3184 965 3259; baseline 0 -18"><span class='ocrx_word' id='word_1_323' title='bbox 115 3189 145 3241; x_wconf 90' lang='lat' dir='ltr'><strong>iu</strong></span> <span class='ocrx_word' id='word_1_324' title='bbox 156 3188 256 3259; x_wconf 89' lang='lat' dir='ltr'><strong>quibus</strong></span> <span class='ocrx_word' id='word_1_325' title='bbox 267 3188 366 3242; x_wconf 86' lang='lat' dir='ltr'><strong>remoti</strong></span> <span class='ocrx_word' id='word_1_326' title='bbox 377 3185 413 3241; x_wconf 87' lang='lat' dir='ltr'><strong>ab</strong></span> <span class='ocrx_word' id='word_1_327' title='bbox 424 3187 509 3241; x_wconf 87' lang='lat' dir='ltr'><strong>oculis</strong></span> <span class='ocrx_word' id='word_1_328' title='bbox 519 3184 613 3255; x_wconf 92' lang='lat' dir='ltr'><strong>populi</strong></span> <span class='ocrx_word' id='word_1_329' title='bbox 628 3200 707 3239; x_wconf 90' lang='lat' dir='ltr'><strong>omne</strong></span> <span class='ocrx_word' id='word_1_330' title='bbox 720 3187 838 3241; x_wconf 88' lang='lat' dir='ltr'><strong>otiosum</strong></span> <span class='ocrx_word' id='word_1_331' title='bbox 855 3190 965 3255; x_wconf 86' lang='lat' dir='ltr'><strong>tempus</strong></span> 
     </span>
    </p>
   </div>
   <div class='ocr_carea' id='block_1_2' title="bbox 0 0 1136 3450">
    <p class='ocr_par' dir='ltr' id='par_1_3' title="bbox 0 0 1136 3450">
     <span class='ocr_line' id='line_1_42' title="bbox 0 0 1136 3450; baseline 0 0"><span class='ocrx_word' id='word_1_332' title='bbox 0 0 1136 3450; x_wconf 95' lang='lat' dir='ltr'><strong> </strong></span> 
     </span>
    </p>
   </div>
  </div>
 </body>
</html>
