2250 3450
122 155 154 206 22
348 155 388 206 M.
405 154 535 206 TULLII
552 153 745 206 CICERONIS

120 235 215 292 ruisse.
251 241 298 292 65:
320 237 362 290 At
375 239 439 290 sunt
452 234 552 289 morosi
570 239 599 290 et
611 236 685 290 anxii
700 239 731 291 ct
744 236 867 292 nncundi
878 242 909 294 et
920 239 977 294 dis:

120 311 204 366 ficiles
218 327 304 366 senes.
340 312 370 366 Si
385 313 547 380 quaerimus,
563 311 647 366 etism
662 312 750 368 avari:
767 313 817 367 sed
832 314 900 368 haec
916 333 972 370 mo

119 387 262 440 rum‘vitin
278 391 342 442 sunt
356 404 408 441 non
424 388 579 442 senectutis.
618 388 661 442 Ac
674 387 819 442 morositas
833 394 926 445 tumen
944 396 975 448 et

119 479 152 516 ea
163 463 229 516 vitia
240 459 311 531 qnae
324 463 382 516 dixi
394 462 498 516 liabent
513 463 618 532 aliquid
630 464 821 533 excusationis,
834 483 889 520 nou
901 468 972 523 illius

119 541 230 609 quidem
244 539 338 608 justae
356 539 406 594 sed
424 555 495 608 quac
520 539 630 607 probari
648 556 728 607 posse
748 541 888 597 videatur:
912 561 974 599 oon-

118 617 204 670 temni
216 633 245 670 sc
257 620 363 685 putant,
375 615 485 684 despici,
497 614 591 670 illudi:
611 620 756 685 praetereo
769 617 797 670 in
812 618 902 688 fragili
914 639 969 676 cor-

117 708 184 761 pore
196 693 289 746 odiose
300 692 387 747 omnis
399 691 511 745 offensio
522 695 574 746 est
616 693 692 758 Quae
705 696 798 747 tamen
811 696 901 749 omnia
914 697 972 752 dul-

117 769 190 823 ciora
208 770 278 824 liunt
294 772 323 824 et
341 767 462 821 moribus
482 766 560 821 bonis
576 771 606 832 et
624 769 839 843 artibus5idque
851 774 970 843 quumin

117 845 247 900 vitatum
261 846 289 898 in
304 861 385 898 scens
397 843 621 914 intelligi‘potest
636 861 670 899 ex
683 846 717 898 iis
732 846 863 909 fratribus
880 850 927 917 qui
942 850 970 903 in

118 922 251 991 Adelphis
270 924 339 976 suni.
378 921 486 986 Quanta
502 921 531 973 in
547 921 635 975 altero
649 920 763 989 duritas,
783 923 811 975 in
826 922 913 977 altero
927 942 970 979 co

116 999 211 1053 mites!
249 999 293 1053 Sic
308 1015 393 1053 seres
405 998 504 1062 habet;
522 1000 554 1050 ut
569 997 642 1051 enim
655 1013 710 1051 non
725 1015 805 1052 omne
817 1000 917 1067 vinum,
931 1003 970 1056 sic
1026 1006 1031 1012 '

115 1091 169 1129 non
190 1076 276 1128 omnis
300 1078 375 1128 actus
394 1076 532 1128 vetustate
554 1075 702 1127 coacescit·
734 1074 916 1130 Severitatem
941 1079 969 1132 in

116 1154 256 1204 senectute
274 1151 367 1220 probo,
378 1149 437 1208 ,sed
456 1165 515 1202 eam
534 1149 605 1203 sicut
623 1149 677 1203 alia
695 1150 846 1216 modiccm3
867 1153 969 1208 acerbi-

115 1228 202 1280 tatem
216 1226 391 1280 nullomodo.
428 1225 555 1280 Avaritia
567 1241 632 1279 vero
647 1225 739 1279 senilis
752 1227 819 1294 quid
835 1226 887 1281 sibi
902 1230 967 1284 velit

115 1318 168 1355 non
185 1303 316 1371 intelligo.
358 1303 455 1356 Potest
479 1302 551 1355 enim
572 1301 721 1370 quidquem
741 1319 801 1356 esse
823 1303 967 1360 absurdius

115 1395 197 1447 quam
209 1395 262 1448 quo
275 1379 364 1433 minus
376 1379 435 1433 viae
447 1381 535 1432 restat
547 1393 580 1432 eo
592 1377 653 1446 plus
665 1379 756 1432 viatici
770 1383 919 1446 quaererel

127 1467 134 1478 ’
166 1454 244 1509 XIX.
280 1461 320 1510 66.
339 1455 443 1520 Quarta
454 1457 543 1508 restat
555 1469 637 1508 cause
650 1471 720 1522 quae
732 1456 851 1509 maxime
865 1474 965 1525 angere

114 1533 198 1599 atque
209 1531 351 1585 sollicitam
364 1531 465 1585 habere
477 1535 599 1584 nostram
609 1532 731 1583 aetatem
739 1529 857 1599 ridetur,
868 1549 965 1601 appre

114 1606 254 1674 pinquatio
278 1606 383 1674 mortis,
404 1623 474 1675 quae
499 1609 575 1660 certe
598 1622 615 1659 e
640 1609 787 1660 senectute.
800 1623 854 1660 non
873 1612 966 1677 potest

114 1680 193 1751 longe
212 1681 315 1738 abesse.
353 1681 375 1736 0
396 1683 525 1737 miserum
536 1692 638 1737 'senem
650 1682 698 1751 qui
710 1686 827 1737 mortem
845 1689 964 1739 contem-

113 1759 304 1828 nendamflesse
315 1758 344 1811 in
355 1762 414 1812 iam
426 1759 506 1827 longa
523 1762 615 1813 aetate
628 1776 681 1813 non
694 1759 809 1813 viderit!
829 1776 899 1827 qnae
917 1764 966 1817 aut

113 1834 193 1902 plane
205 1833 368 1903 negligenda
379 1837 429 1902 est,
442 1834 465 1887 si
478 1834 587 1888 omnino
600 1834 752 1902 exstinguit
769 1835 897 1903 animum,
917 1842 966 1892 aut

113 1910 197 1963 etiam
216 1910 343 1979 optanda,
365 1910 387 1963 si
408 1910 499 1980 aliquo
519 1926 582 1965 cum
601 1909 714 1965 deducit
733 1910 782 1964 ubi
802 1910 838 1965 sit
855 1911 966 1967 futurus

112 1989 249 2041 aeternus.
286 1987 373 2055 Atqui
399 1988 512 2041 tertium
537 1990 613 2041 certe
636 1986 705 2040 nihil
730 1987 846 2042 inveniri
866 1993 965 2057 potest.

113 2066 155 2119 67.
181 2062 254 2128 Quid
265 2063 350 2132 igitur
362 2063 480 2131 timeam,
498 2063 521 2117 si
539 2067 588 2117 eut
605 2079 659 2116 non
677 2064 761 2118 miser
773 2067 835 2133 post
848 2068 964 2118 mortem

112 2143 162 2193 aut
177 2137 276 2194 beatus
293 2139 377 2193 etiam
398 2140 507 2193 futurus
530 2142 611 2194 snml
651 2139 822 2209 Quamquam
843 2141 904 2209 quis
921 2144 965 2195 est

112 2218 170 2269 tam
187 2216 295 2283 stultus,
313 2216 436 2285 quamvis
453 2216 490 2271 sit
508 2216 673 2285 adolescens,
686 2216 730 2270 cui
743 2217 780 2270 sit
792 2217 964 2286 exploratum

112 2308 142 2345 se
160 2291 197 2345 ad
215 2308 359 2362 vesperum
377 2292 609 2347 essevictmuml
647 2292 815 2356 Quinetiam
829 2296 906 2347 aetas
918 2293 965 2347 ills

111 2368 197 2423 multo
215 2369 307 2437 plures
323 2385 405 2438 quam
423 2372 517 2423 nostra
534 2369 631 2423 mortis
650 2385 728 2422 casus
742 2367 840 2435 hsbet;
858 2369 964 2422 facilius

111 2442 139 2496 in
165 2444 274 2499 morbos
298 2444 422 2499 incidunt
442 2444 644 2512 adolescentem
671 2444 781 2514 gravius
806 2449 965 2514 aegrotant,

111 2520 218 2575 tristius
243 2526 379 2576 curentur.
424 2522 523 2590 linque
548 2522 627 2591 pauci
647 2521 760 2575 veniunt
781 2523 818 2576 ed
842 2525 965 2575 senectu-

111 2598 178 2649 tem.
194 2598 273 2665 Quod
285 2598 313 2651 ni
324 2598 364 2652 ita
379 2597 523 2663 accideret,
544 2598 642 2651 melius
663 2601 691 2651 ot
708 2598 873 2667 prudentius
894 2597 965 2651 vive

33 2674 35 2679 ’
110 2676 202 2737 retnr;
230 2686 308 2725 mens
343 2674 416 2727 enim
438 2676 466 2727 et
484 2674 555 2727 ratio
581 2678 611 2728 et
633 2674 775 2729 consilium
798 2674 827 2727 in
854 2674 965 2727 senibus

111 2750 160 2813 est,
174 2749 222 2816 qui
239 2749 261 2801 si
278 2747 346 2802 nulli
362 2750 485 2816 luissent,
497 2750 588 2803 nullae
601 2750 709 2803 omnino
725 2749 852 2804 civitates
865 2752 963 2802 esseut

111 2822 166 2876 Sed
189 2823 272 2876 redeo
294 2825 330 2877 nd
347 2828 464 2879 mortem
487 2826 699 2893 impendentem.
737 2824 817 2889 Quod
834 2823 902 2877 illud
922 2826 966 2877 est

110 2898 211 2951 crimen
225 2900 381 2967 senectutis,
395 2917 478 2969 quum
491 2900 559 2953 illud
572 2900 691 2953 videatis
703 2916 766 2954 cum
778 2899 964 2953 adolescentia

111 2990 170 3027 esse
188 2976 345 3029 communel
391 2982 432 3031 68.
460 2975 536 3029 Sensi
554 2990 606 3042 ego
623 2991 708 3044 quum
724 2976 754 3030 in
776 2975 879 3044 optimo
906 2973 963 3027 filio

111 3065 179 3115 meo,
204 3052 263 3102 tum
287 3048 316 3102 in
341 3050 507 3118 exspectatis
529 3051 567 3103 ad
584 3051 779 3119 amplissimam
798 3050 962 3118 dignitctcm

109 3124 243 3179 frutribus
261 3125 323 3189 tuis,
342 3125 438 3194 Scipio,
457 3128 574 3179 mortem
588 3126 660 3179 omni
672 3127 758 3180 aetati
771 3143 831 3180 esso
842 3141 962 3178 cunimu-

110 3216 181 3254 nem.
217 3202 258 3254 At
270 3203 363 3267 speret
374 3200 533 3253 adolescens
550 3198 599 3253 diu
616 3216 646 3254 se
660 3201 803 3264 victurum,
813 3200 886 3269 quod
899 3216 964 3267 spe-

1117 339 1124 619 l

1114 3377 1116 3442 l
