2250 3450
90 177 107 226 2
322 173 361 222 M.
379 173 504 224 TULLII
521 172 727 225 CICERONIS·

90 254 187 309 Aristo
199 253 290 322 chius,
307 269 405 323 parum
421 252 494 307 cnim
512 258 587 308 esset
603 253 776 308 auctoritatis
793 253 822 308 in
838 251 939 323 fabula,

90 330 141 385 sed
158 330 196 385 M.
209 329 307 384 Catoni
319 328 386 397 seni,
403 344 457 397 quo
475 327 608 397 majorem
620 330 812 384 auctoritatem
824 329 940 385 haberet

89 406 186 462 oratio.
231 405 316 474 Apud
339 421 422 474 quem
448 405 572 458 Laelium
595 409 625 460 et
649 406 803 474 Scipionem
825 405 940 460 facimus

89 481 258 536 admirantes
270 481 345 549 quod
360 480 384 534 is
401 483 459 534 tam
476 479 555 534 facile
567 484 736 535 senectutem
751 481 831 548 ferat,
850 481 940 550 iisque

89 559 153 612 eum
171 556 389 625 respondentem.
426 555 479 621 Qui
497 556 520 609 si
538 555 675 610 eruditius
690 554 830 610 videbitur
846 557 940 627 dispu-

89 636 150 687 tare
179 648 262 700 quam
290 631 433 685 consuevit
459 630 518 700 ipse
541 632 571 684 in
594 632 651 685 suis
679 631 765 699 libris,
794 632 939 687 attribuito

90 707 203 762 Graecis
231 707 333 761 litteris
361 720 478 776 quarum
505 710 616 761 constat
645 724 708 762 eum
735 708 939 776 perstudiosum

89 782 175 838 fuisse
191 783 221 837 in
239 786 387 838 senectute.
424 781 480 837 Sed
498 781 567 852 quid
587 799 656 851 opus
676 785 719 837 cst
739 782 838 852 plural
874 783 939 837 Jam

90 859 163 914 enim
181 860 267 930 ipsius
287 859 397 914 Catonis
415 869 505 912 sermo
523 858 673 928 explicabit
691 861 813 914 nostram
831 875 939 914 omnem

91 934 127 989 de
145 939 287 990 senectute
305 934 478 990 sententiam.

143 1011 184 1065 11.
218 1017 242 1065 4.
266 1011 368 1065 Sc1r10.
404 1010 606 1080 Saepenumero
625 1009 757 1064 admirari
780 1011 854 1066 soleo
877 1028 940 1066 cum

89 1085 141 1140 hoc
149 1082 176 1139 Ο.
187 1084 278 1140 Laelio
286 1103 370 1154 quum
382 1089 536 1141 ceterarum
547 1102 641 1139 rerum
656 1089 734 1140 tuam
752 1086 938 1156 excellentem,

90 1161 129 1215 M.
148 1163 225 1228 Cato,
247 1162 452 1231 perfectamque
476 1161 646 1230 sapientiam,
670 1164 730 1215 tum
752 1162 796 1216 vel
820 1162 940 1217 manime

91 1237 165 1306 quod
181 1253 320 1306 nmquam
338 1239 506 1290 senectutem
524 1236 577 1291 tibi
592 1253 704 1304 gravem
722 1253 782 1292 esse
799 1238 938 1308 senserim,

90 1328 162 1381 quae
173 1313 312 1383 plerisque
321 1312 432 1366 senibus
444 1312 482 1367 sic
494 1312 590 1366 odiosa
607 1316 700 1368 estut
717 1329 785 1367 onus
801 1331 831 1368 se
848 1316 941 1369 Aetna

89 1388 199 1457 gravius
211 1389 303 1443 dicant
315 1388 460 1443 sustinere.
496 1388 582 1443 Orno.
607 1389 677 1443 Rem
694 1389 769 1444 baud
787 1406 852 1444 sane
869 1389 939 1443 diffi-

90 1464 176 1531 cilem,
189 1465 279 1535 Scipio
292 1468 322 1518 et
334 1463 418 1533 Laeli,
433 1463 564 1518 admirari
576 1464 713 1520 videmini.
748 1465 854 1530 Quibus
866 1467 938 1520 enim

90 1539 157 1593 nihil
176 1544 219 1595 est
234 1541 262 1593 in
277 1540 344 1609 ipsis
359 1539 419 1608 opis
439 1539 476 1593 ad
493 1539 564 1594 bene
582 1539 718 1610 beateque
735 1541 889 1610 vivendum,
906 1541 940 1594 iis

90 1616 178 1669 omnis
189 1619 265 1670 aetas
277 1615 368 1683 gravis
384 1619 444 1670 est:
462 1615 510 1684 qui
528 1619 622 1670 autem
634 1617 724 1670 omnia
734 1617 807 1671 bona
818 1634 835 1670 a
847 1616 939 1687 seipsi

90 1695 196 1762 petunt,
214 1691 249 1746 iis
266 1690 334 1745 nihil
346 1694 438 1761 potest
453 1691 555 1746 malum
567 1691 656 1746 videri
674 1692 747 1762 quod
759 1696 875 1748 naturae
892 1709 940 1747 ne-

15 1832 16 1841 *
90 1768 204 1823 cessitas
215 1767 319 1821 afferat.
356 1767 416 1833 Quo
431 1768 459 1821 in
474 1784 576 1836 genere
592 1772 635 1822 est
650 1769 679 1822 in
692 1768 788 1837 primis
805 1772 939 1836 senectus,

90 1860 174 1913 quam
191 1846 223 1898 nt
240 1842 426 1913 adipiscantur
444 1860 537 1897 omnes
555 1846 666 1912 optant,-
679 1844 795 1897 eandem
811 1847 940 1899 accusant

90 1921 236 1989 adeptam:
256 1922 335 1974 tanta
354 1922 398 1975 est
422 1918 556 1973 stultitiae
576 1919 758 1973 inconstantia
777 1922 861 1989 atque
877 1936 940 1987 per-

90 1996 215 2051 versitas.
251 1993 393 2065 Obrepere
404 1995 482 2049 aiunt
496 2012 557 2049 eam
569 1995 651 2049 citius
668 2011 751 2064 quam
762 1995 941 2065 putavissent

15 2086 16 2143 j
92 2068 222 2137 Primum,
246 2071 308 2140 quis
329 2070 419 2139 coegit
438 2087 485 2125 eos
504 2071 604 2124 falsum
624 2072 741 2139 putaret
777 2071 831 2137 Qui
867 2071 941 2125 enim

91 2147 173 2202 citius
183 2145 382 2201 adolescentiae
394 2150 519 2201 senectus
534 2162 617 2214 quam
632 2146 768 2215 pueritiae
785 2147 941 2201 adolescen-

90 2223 131 2277 tia
142 2222 269 2290 obrepit?
304 2222 419 2290 Deinde,
439 2224 487 2290 qui
504 2221 594 2275 minus
611 2221 704 2289 gravis
719 2225 793 2276 esset
804 2223 839 2275 iis
849 2239 940 2276 senec

91 2302 144 2367 tus,
157 2298 181 2352 si
193 2298 449 2367 octingentesimum
467 2313 568 2352 annum
586 2300 701 2365 agerent
713 2312 796 2365 qnam
809 2298 941 2365 octogesi-

90 2376 186 2431 muml
226 2374 382 2431 Praeterita
402 2374 474 2429 enim
498 2377 575 2428 aetas
598 2372 724 2442 quamvis
747 2372 829 2439 longa
856 2388 940 2441 quum

91 2451 247 2521 effluxisset,
259 2451 335 2506 nulla
345 2450 528 2505 consolatione
539 2448 709 2518 permulcere
720 2451 814 2517 posset
828 2447 941 2502 stultam

91 2530 268 2582 senectutem.
306 2532 332 2581 ὅ.
359 2525 490 2591 Quocirca
502 2525 525 2579 si
537 2523 699 2593 sapientiam
711 2540 800 2579 meam
811 2523 942 2578 admirari

15 2598 16 2607 ’
91 2602 192 2669 soletis,
209 2617 280 2670 quae
291 2601 395 2657 utinam
409 2600 492 2668 digna
508 2603 583 2654 esset
598 2600 724 2669 opinione
735 2603 828 2655 vestra
839 2603 943 2653 nostro

91 2693 147 2747 que
162 2678 327 2745 cognomine,
348 2678 377 2730 in
395 2676 447 2729 hoc
462 2688 556 2729 sumus
575 2676 712 2746 sapientes
725 2677 801 2745 quod
815 2678 943 2729 naturam

91 2752 223 2822 optimam
240 2752 339 2806 ducem
354 2755 495 2820 tamqnam
514 2749 598 2803 deum
616 2752 758 2819 sequimur
773 2750 855 2817 eique
865 2766 943 2818 pare

92 2842 171 2893 mus;
188 2843 206 2880 a
222 2842 278 2895 qua
295 2842 350 2879 non
369 2826 427 2879 veri
447 2824 536 2877 simile
552 2827 603 2890 est
621 2840 706 2893 quum
723 2827 832 2878 ceterae
849 2828 943 2893 partes

93 2903 194 2957 aetatis
205 2901 275 2955 bene
295 2900 444 2969 discriptae
456 2899 518 2966 sint,
531 2901 687 2952 extremum
698 2902 789 2952 actum
801 2901 942 2967 tamquam

92 2977 128 3032 ab
146 2978 229 3031 inerti
250 2978 333 3045 poeta
353 2989 413 3028 esse
432 2973 597 3041 neglectum.
636 2973 692 3027 Sed
714 2976 808 3027 tamen
831 2990 944 3028 necesse

92 3053 146 3107 fuit
169 3068 229 3107 esse
250 3049 354 3119 aliquid
375 3051 529 3103 extremum
553 3049 583 3099 et
605 3050 746 3117 tamquam
766 3049 795 3103 in
814 3049 943 3103 arborum
1001 3066 1007 3082 ·

93 3127 167 3182 bacis
185 3131 331 3195 terraeque
352 3123 477 3193 frugibus
500 3123 660 3178 maturitate
684 3126 848 3193 tempestiva
865 3124 943 3192 quusi

92 3202 197 3258 vietum
208 3206 239 3257 et
246 3201 385 3263 caducum,
394 3198 469 3269 qnod
480 3196 624 3252 ferendum
635 3202 679 3255 est
687 3200 808 3255 molliter
818 3198 943 3268 sapienti
