2250 3450
381 159 470 209 CATU
488 159 622 212 MAJOR.
661 161 737 210 CAP.
756 161 792 210 X.
810 161 861 210 XI.
1013 163 1042 210 11

195 241 318 307 consule;
336 241 386 320 sod
397 244 497 308 tamen,
514 243 547 294 ut
563 257 613 295 vos
629 241 739 310 videtis,
754 256 808 294 non
819 241 901 310 plane
911 256 957 295 me
968 257 1045 311 ener-

195 318 270 372 vavit
290 334 340 372 nec
356 317 453 370 afflixit
469 321 610 383 senectus3
627 335 682 372 non
699 318 775 371 curia
792 318 864 371 vires
882 333 956 371 meas
975 318 1045 371 desi-

196 394 282 454 derat.
294 411 347 448 non
360 397 457 461 rostra,
475 410 529 447 non
546 394 633 461 amici,
649 412 704 448 non
716 395 838 460 clientes,
849 411 903 447 non
915 394 1045 462 hospites.
1086 411 1090 420 ·

196 471 223 523 N
225 487 255 524 ec
273 470 345 524 euim
362 486 483 538 unquam
501 486 561 523 sum
578 487 705 524 assensus
718 470 805 524 veteri
822 470 862 522 illi
879 470 1045 538 laudatoque

195 545 340 614 proverbio
352 545 427 614 quod
439 549 540 614 monet,
556 549 665 600 mature
680 547 740 600 lieri
759 562 858 607 senem,
877 545 900 598 si
918 545 966 598 din
977 546 1046 599 velis

196 637 256 674 esse
269 638 358 675 senex.
394 621 452 689 Jlgo
463 637 529 675 vers
541 621 687 674 meminus
699 621 748 674 diu
759 637 852 675 senem
864 637 924 674 esso
936 621 1044 674 mallem

196 713 279 766 quam
302 714 362 752 esse
387 713 480 751 senem
504 699 569 750 ante
594 713 676 765 quam
701 712 798 751 essem.
843 697 942 765 ltaque
965 712 1045 749 nemo

197 772 285 827 adhuc
303 773 447 827 convenire
465 788 510 826 mo
528 772 614 826 voluit
634 772 677 826 cui
696 772 795 826 fuerim
814 775 968 840 occupatus.
1005 778 1045 826 33.

198 848 239 902 At
250 849 340 902 minus
352 848 440 902 habco
452 848 551 900 virium
563 865 645 916 quam
657 852 780 902 vestrum
793 848 905 902 utervis
943 847 986 900 Nc
998 863 1046 900 vos

197 924 309 992 quidem
321 924 351 978 Τ.
363 923 455 977 Pontii
467 923 634 977 centurionis
645 924 717 977 vires
728 923 848 978 habetis:
866 940 932 976 num
944 923 1045 976 idcireo

197 1002 241 1054 est
252 1000 298 1053 ille
309 1000 505 1068 praestantiori
542 999 697 1053 Moderatio
710 999 792 1053 modo
803 999 903 1052 virium
921 998 1003 1066 adsit,
1016 1002 1046 1052 et

197 1079 304 1130 tantum
329 1079 460 1144 quantum
480 1079 574 1144 potest
593 1076 709 1144 quisquo
730 1075 848 1140 nitatur;
869 1092 905 1129 ne
922 1075 968 1128 ille
991 1091 1045 1127 non

197 1168 296 1219 magno
314 1150 452 1205 desiderio
470 1150 613 1204 tenebitur
630 1151 737 1205 virium.
776 1149 917 1219 Olympiae
929 1153 1046 1219 persta

197 1227 273 1280 dium
290 1229 428 1296 ingressus
446 1244 506 1282 esse
524 1226 592 1280 Milo
611 1227 719 1295 dicitur,
734 1243 817 1295 quum
832 1226 953 1280 humeris
965 1225 1046 1279 susti-

197 1307 277 1357 neret
288 1303 385 1358 bovem
396 1305 495 1357 virum.
533 1303 636 1356 Utrum
653 1303 738 1370 igitur
753 1301 803 1355 has
814 1303 935 1370 corporis
946 1318 981 1354 an
994 1301 1046 1370 Py-

197 1379 328 1447 thagorae
352 1379 404 1433 tibi
423 1378 501 1432 malis
520 1379 593 1432 vires
612 1378 714 1446 ingenii
735 1378 812 1432 darii
848 1377 974 1445 Denique
992 1377 1046 1432 isto

197 1454 268 1508 bono
285 1458 365 1508 utare
383 1454 449 1508 dum
467 1455 554 1519 adsit3
575 1470 658 1523 quum
682 1453 754 1507 absit
772 1468 806 1505 ne
829 1453 968 1522 requiras;
993 1453 1045 1506 nisi

196 1529 268 1584 forte
287 1530 474 1585 adolescentes
491 1529 647 1600 pueritiam,
665 1530 786 1599 paullum
801 1533 893 1583 aetate
909 1531 1044 1597 progressi

197 1605 408 1661 adolescentiam
421 1606 525 1660 debent
536 1606 686 1674 requirere.
706 1605 808 1658 Cursus
817 1609 860 1658 est
868 1607 960 1659 certus
972 1609 1045 1659 aeta-

197 1680 234 1737 tis
253 1685 282 1736 ct
300 1699 355 1736 una
375 1682 419 1737 via
437 1686 551 1738 naturae
571 1698 658 1751 eaque
680 1681 802 1751 simplex,
825 1697 929 1750 suaque
948 1681 1045 1751 cuique

197 1759 270 1826 parti
293 1760 393 1813 aetatis
416 1759 617 1828 tempestivitas
641 1762 684 1812 est
705 1759 777 1825 data,
800 1762 832 1811 ut
853 1761 883 1811 et
900 1758 1045 1811 infirmitas

197 1850 350 1902 puerorum,
372 1840 401 1889 ot
421 1835 548 1889 ferocitas
561 1835 702 1904 juvenum,
725 1838 753 1887 et
769 1834 891 1902 gravitas
907 1833 966 1902 jam
984 1851 1046 1887 con-

198 1911 296 1964 stantis
316 1912 423 1979 aetatis,
440 1914 470 1965 et
489 1911 637 1965 senectutis
657 1910 801 1963 maturitas
821 1909 946 1963 naturale
967 1910 1046 1978 quid-

198 1984 260 2038 dam
272 1986 372 2041 habeat
384 1988 459 2057 quod
472 2004 519 2042 suo
532 1991 656 2056 tempore
667 1986 771 2056 percipi
784 1986 892 2040 debeat.
929 1993 969 2041 34.
988 1986 1046 2039 Au-

198 2060 257 2115 dire
277 2065 307 2117 te
325 2063 451 2132 arbitror,
474 2064 571 2132 Scipio,
591 2064 690 2131 hospes
711 2066 776 2115 tuus
794 2062 883 2115 avitus
902 2061 1046 2115 Masinissa

197 2153 268 2206 quae
280 2139 362 2193 faciat
375 2140 458 2193 hodie
474 2141 623 2209 nonaginta
638 2144 719 2193 natus
731 2155 830 2204 annos;
849 2155 933 2206 quum
945 2138 1045 2206 ingres

198 2228 244 2266 sus
255 2215 309 2267 iter
320 2214 436 2284 pedibus
452 2216 496 2285 sit,
513 2216 542 2269 in
557 2232 657 2284 equum
675 2216 784 2268 omnino
796 2231 850 2267 non
864 2214 1046 2280 adscendere;

198 2304 282 2357 quum
305 2307 383 2359 equo,
408 2309 442 2346 ex
466 2309 536 2361 equo
560 2309 614 2345 non
638 2291 818 2356 descendere;
847 2291 921 2344 nullo
949 2290 1045 2357 imbre,

197 2364 270 2418 nullo
281 2366 383 2434 frigore
395 2367 494 2422 adduci
510 2371 542 2421 ut
558 2369 648 2437 capite
660 2371 756 2436 operto
768 2367 818 2431 sit;
836 2382 968 2418 summam
986 2383 1046 2420 esse

141 2440 144 2447 ’
196 2439 225 2493 in
244 2456 277 2493 eo
297 2442 418 2509 corporis
436 2443 601 2508 siccitatem
621 2443 716 2511 itaque
733 2442 824 2495 omnia
843 2442 1047 2510 exsequi-regis

197 2514 285 2569 officia
304 2518 333 2569 et
351 2532 470 2573 munera.
507 2518 603 2572 Potest
619 2518 704 2586 igitur
722 2516 884 2571 exercitatio
899 2520 929 2571 et
941 2520 1046 2586 tempe-

197 2590 288 2718 rargtia
305 2591 388 2644 etiam
408 2592 437 2645 in
459 2595 601 2647 senectute
624 2607 785 2647 conservare
808 2592 914 2661 aliquid
936 2594 1046 2661 pristim

197 2680 229 2719 ro
249 2682 310 2720 oris.

250 2741 302 2796 XI.
338 2743 401 2798 Non
419 2747 483 2798 sunt
501 2744 529 2798 in
547 2748 688 2800 senectute
699 2744 779 2800 vires.
817 2742 843 2797 N
845 2760 861 2799 e
872 2744 1047 2814 postulantur

197 2816 309 2884 quidem
321 2819 392 2874 viros
404 2838 421 2875 a
432 2824 581 2875 senectute.
616 2821 690 2889 Ergo
707 2824 737 2875 et
753 2820 860 2890 legibus
871 2823 901 2874 et
912 2820 1046 2874 institutis

198 2896 277 2947 vacat
289 2898 365 2950 aetas
376 2900 471 2951 nostra
482 2896 643 2951 muneribus
659 2898 694 2951 iis
711 2914 782 2967 quae
796 2913 849 2950 non
860 2898 976 2965 possunt
988 2896 1046 2947 sine

198 2966 302 3023 viribus
320 2972 458 3027 sustineri.
494 2972 595 3040 Itaque
614 2989 668 3027 non
688 2973 770 3026 modo
789 2971 864 3040 quod
881 2988 935 3024 non
953 2985 1046 3037 possu-

198 3058 266 3111 mus,
274 3045 324 3099 sed
334 3063 367 3101 nc
380 3052 512 3116 quantum
521 3063 665 3116 possumus
677 3047 788 3115 quidem
800 3047 928 3114 cogimur.
951 3049 992 3097 35.
1006 3046 1047 3096 At

197 3117 238 3172 ita
249 3121 328 3174 multi
341 3126 406 3176 sunt
419 3123 548 3177 imbecilli
560 3139 640 3176 senes
657 3125 690 3176 ut
706 3122 810 3175 nullum
829 3120 908 3174 officii
925 3120 974 3170 aut
991 3133 1045 3169 om-
1108 3190 1114 3194 Α

198 3193 263 3249 nino
279 3196 352 3251 vitae
364 3214 464 3252 munus
480 3198 593 3267 exsequi
608 3198 721 3267 possint.
756 3197 799 3250 At
815 3194 845 3248 id
863 3193 975 3263 quidem
991 3207 1029 3245 no>
