2250 3450
120 154 167 200 106
349 149 388 197 Μ.
406 147 536 196 TULLII
552 147 744 196 CICERONIS
1106 66 1114 167 I

119 229 179 298 Itgo
190 229 284 282 autem
296 244 381 297 quum
397 227 491 282 multis
506 226 643 281 decausis
656 229 686 282 te
702 230 802 297 exopto
819 244 902 298 quam
916 230 974 298 pri-
996 257 999 265 =

118 320 194 358 mum
206 303 309 371 videre,
321 307 382 358 tum
394 304 478 358 etiam
489 306 522 358 ut
534 307 598 357 ante
611 306 826 358 commentemur
838 304 913 358 inter.
922 322 973 359 nos

119 397 175 449 qna
182 377 287 434 ratione
295 379 612 435 nobistransducendum
620 381 657 434 sit
664 381 836 449 hoctempus,
845 380 919 449 quod
928 384 972 436 est

118 459 210 510 totum
229 457 266 510 ad
285 456 365 509 nnius
385 456 554 511 voluntatem
579 456 838 511 accommodandum
856 460 886 511 et
908 473 972 524 pru-

120 532 210 587 dentis
226 536 256 587 et
271 531 398 601 liberalis,
416 537 452 600 et,
468 538 501 587 ut
516 533 689 602 perspexisse
706 531 808 600 videor,
825 550 875 588 nec
894 550 911 586 a
927 549 972 587 me

119 607 201 661 alieni
219 612 250 662 et
268 607 321 662 tibi
338 609 501 663 amicissimi.
539 609 619 674 Quod
636 625 721 678 quum
738 608 778 662 ita
795 608 839 676 sit,
857 625 972 677 magnae

119 687 272 738 esttamen
293 683 498 738 deliberationis
521 701 592 754 quae
609 685 680 739 ratio
701 685 738 738 sit
757 684 876 739 ineunda
894 684 972 738 nobis

118 776 172 813 non
195 760 295 828 agendi
318 759 431 830 aliquid,
456 760 506 816 sed
535 761 609 815 illius
632 777 762 816 concessu
786 763 815 816 et
840 761 972 816 beneficio

119 835 287 904 quiescendi.
846 891 850 898 .

349 931 389 978 14.
425 929 554 978 CICERO
572 929 694 978 CASSIO
711 930 737 978 S.

391 1014 449 1075 (111.
468 1015 492 1062 3.
518 1023 618 1061 s.u.o.
637 1012 703 1072 710.)

120 1101 215 1171 Auget
229 1102 295 1155 tuus
309 1101 412 1156 amicus
426 1102 546 1154 furorem
559 1099 588 1153 in
604 1099 677 1154 dies:
701 1098 819 1167 primum
836 1099 864 1153 in
881 1102 973 1154 statua

119 1193 202 1244 qnam
210 1177 303 1244 possit
309 1177 338 1231 in
347 1178 454 1231 Rostris
463 1175 601 1244 inscripsit
611 1189 735 1228 nannum
744 1191 849 1229 orrrus
857 1191 972 1243 uenire,

118 1254 216 1307 utnon
228 1253 309 1308 modo
319 1253 408 1308 sicarii
418 1253 467 1308 sed
472 1252 533 1322 jam
543 1253 626 1306 etiam
639 1250 791 1321 parricidae
796 1251 972 1321 judicemini3

119 1327 187 1396 quid
205 1328 274 1397 dico,
289 1329 470 1398 judiceminii
490 1328 649 1397 judicemur
667 1327 774 1396 potins;
797 1329 881 1382 vestri
899 1329 972 1391 enim

118 1403 293 1470 pulcherrimi
308 1405 375 1459 facti
389 1406 436 1461 ille
452 1405 569 1458 furiosam
582 1421 626 1458 me
638 1403 789 1473 principem
802 1403 869 1458 dicit
880 1405 971 1458 luisse.

119 1479 233 1534 Utinam
241 1480 354 1549 quidem
366 1481 493 1535 fuissem!
513 1480 645 1534 molestus
656 1480 736 1534 nobis
744 1497 798 1534 non
811 1483 891 1534 esset.
916 1479 973 1534 Sed

119 1553 169 1608 hoe
181 1560 303 1610 vestrum
315 1561 365 1624 est,
378 1558 453 1627 quod
466 1557 594 1626 quoniam
606 1557 758 1626 praeteriit,
771 1557 876 1611 utinam
891 1555 973 1610 habe

118 1647 177 1684 rem
189 1632 257 1700 quid
269 1632 346 1686 robis
358 1633 454 1688 darem
464 1632 575 1686 consilii.
603 1633 658 1687 Sed
670 1650 705 1686 ne
716 1632 783 1686 mihi
796 1632 907 1702 quidem
919 1632 972 1700 ipsi

118 1708 226 1777 reperio
239 1709 306 1778 quid
316 1709 471 1763 faciendum
484 1709 527 1763 sit.
566 1708 638 1775 Quid
651 1708 723 1763 enim
736 1711 779 1763 est
791 1708 866 1778 quod
878 1710 973 1762 contra

118 1784 173 1837 vim
185 1785 283 1840 sineri
296 1785 355 1839 fieri
366 1786 473 1853 possiti
510 1785 659 1840 Consilium
671 1801 750 1838 omne
762 1788 855 1838 autem
866 1784 917 1837 hoc
929 1787 973 1838 est

118 1859 226 1914 illorum
237 1865 271 1915 ut
282 1865 399 1915 mortem
413 1861 537 1915 Caesaris
553 1863 760 1930 persequantur.
798 1860 897 1929 Itaque
908 1876 930 1913 a
945 1860 971 1913 d.

118 1951 156 1989 vr.
167 1936 238 1991 Non.
255 1937 351 1991 Octob.
368 1936 520 2005 productus
534 1937 562 1990 in
580 1937 734 1990 contionem
749 1952 766 1989 a
780 1935 896 1990 Canutio
913 1939 973 1989 tur-

118 2012 230 2081 pissime
242 2013 288 2067 ille
301 2012 412 2081 quidem
425 2012 557 2080 discessit,
571 2011 620 2065 sed
633 2015 726 2066 tamen
738 2028 771 2065 ea
780 2010 852 2065 dixit
863 2010 900 2065 ds
911 2027 973 2065 oon-

119 2088 304 2142 servatoribus
315 2088 422 2157 patriae
431 2105 502 2157 quae
514 2088 570 2141 dici
584 2086 719 2142 deberent
728 2088 763 2141 de
776 2086 970 2156 proditoribus.

118 2164 163 2217 De
185 2180 231 2219 me
255 2164 368 2233 quidem
392 2181 447 2217 non
471 2164 631 2218 dubitanter
652 2164 719 2233 quin
740 2164 830 2217 omnia
849 2162 886 2217 de
909 2179 972 2216 meo

118 2240 229 2295 consilio
250 2244 280 2295 et
299 2257 346 2294 vos
368 2240 503 2294 fecissetis
524 2242 553 2294 et
573 2240 705 2294 Canutius
725 2240 835 2293 faceret.
871 2239 973 2293 Cetera

118 2316 272 2386 cujusmodi
286 2317 341 2371 sint
357 2334 392 2372 ex
406 2316 457 2371 hoc
468 2316 572 2385 judica,
586 2316 660 2385 quod
676 2316 767 2384 legato
783 2319 831 2369 tuo
843 2315 972 2370 viaticum

119 2394 285 2461 eripuerunt.
323 2393 396 2459 Quid
410 2410 457 2448 eos
473 2393 650 2461 interpretari
667 2396 748 2462 putas
765 2409 847 2460 quum
865 2392 916 2445 hoe
932 2391 972 2445 fa-

118 2470 209 2524 ciuntl
245 2470 293 2523 Ad
316 2470 423 2523 hostem
441 2469 544 2523 scilicet
561 2469 674 2537 portari.
712 2468 735 2521 O
754 2486 812 2523 rem
829 2468 969 2523 miseram!

118 2544 258 2599 dominum
273 2546 346 2611 ferre
362 2559 416 2600 non
433 2546 587 2615 potuimus:
611 2561 740 2599 conservo
759 2544 897 2598 servimus.
934 2543 973 2598 Et

117 2622 211 2675 tamen
227 2638 271 2675 mc
289 2622 400 2690 quidem
417 2623 526 2676 favente
541 2621 630 2688 magis
647 2637 729 2688 quam
746 2616 875 2690 sperante
887 2619 972 2673 etiam

116 2713 189 2750 nunc
204 2696 309 2750 residet
321 2714 383 2764 spes
395 2698 423 2750 in
435 2698 539 2752 virtute
551 2700 607 2751 tua.
643 2696 699 2751 Sed
714 2696 763 2749 ubi
779 2700 844 2749 sunt
860 2694 971 2763 copiaei

117 2770 161 2825 De
172 2772 278 2839 reliquo
289 2773 360 2825 malo
372 2776 402 2826 te
413 2774 502 2841 ipsum
513 2776 606 2827 tecum
618 2772 693 2840 loqui
703 2789 785 2841 qnam
794 2775 888 2826 nostra
896 2770 972 2825 dicta

117 2855 286 2907 cognoscere.
324 2839 401 2895 Vale.

169 2950 208 2997 15.
226 2949 354 2997 CIcERO
372 2948 613 2996 DOLABELLAE
631 2948 788 3000 CONSULI
805 2948 872 2999 SUO
890 2949 915 2998 S.

385 3030 431 3091 (rx.
446 3031 485 3077 11.
519 3042 545 3078 s.
558 3040 584 3078 ιι.
599 3042 620 3077 o.
636 3030 702 3091 710.)

120 3108 179 3163 Etsi
197 3111 340 3161 contentus
356 3124 439 3174 eram,
451 3109 489 3161 mi
505 3108 656 3176 Dolabella,
672 3112 722 3164 tua
736 3110 830 3177 gloria,
848 3111 972 3181 satisque

117 3198 152 3235 ex
164 3198 198 3235 ea
209 3197 334 3249 magnam
346 3182 478 3237 laetitiam
487 3184 712 3253 voluptatemque
721 3185 869 3255 capiebam,
878 3190 973 3241 tamen
