2250 3450
384 139 475 188 cauo
492 137 626 188 maroa
661 137 739 188 ose.
756 137 797 187 11.
814 136 868 188 nu
903 196 906 207 ¹
990 123 1009 193 ’,
1033 140 1048 188 s

198 218 272 287 Quid
282 221 326 275 est
339 218 412 273 enim
431 217 506 272 aliud
525 217 674 285 Gigantum
689 215 772 270 modo
787 215 893 270 bellare
907 232 970 272 cum
986 215 1049 270 Diis

94 328 96 333 ·
197 297 249 351 nisi
269 299 384 350 naturae
408 295 581 362 repugnaret
624 299 646 347 6.
676 292 809 346 hammus.
850 292 946 361 Atqui.
971 291 1045 352 ueto,

196 371 383 441 gratissimum
406 369 491 435 nohis,
515 372 547 422 ut
576 368 659 423 etiam
686 384 738 437 pro
762 367 888 437 Scipione
911 365 1047 436 pollicear,

197 447 300 512 feceris,
325 447 355 512 si,
375 445 503 515 quoniam
526 459 668 514 speramus
692 443 816 497 volumus
839 442 951 513 quidem
973 445 1049 496 ecrte

198 539 277 577 sanes
289 523 357 590 fieri,
368 521 458 576 multo
468 523 533 574 ante
545 537 562 574 a
573 522 603 574 te
615 519 792 575 didicerimus
805 519 904 588 quibus
920 517 1049 572 facillime

198 598 349 652 rationibus
357 598 591 666 ingravescentem
600 599 720 650 aetatem
729 595 803 650 ferre
810 595 952 666 possimus
965 594 1049 649 Osco.

199 673 308 728 Faciam
326 689 398 740 vero,
417 673 499 740 Laeli,
519 672 681 742 pracsertim
698 672 721 725 si
740 672 852 741 utrique
870 674 999 736 vestrum,
1017 673 1049 724 ut

199 749 274 817 diois,
289 753 399 818 gratum
411 749 598 804 futmumest.
634 748 721 802 Laut.
757 747 891 801 Volumus
908 762 980 812 sane,
996 744 1048 798 nisi

197 826 342 879 molestum
355 825 407 890 est·
414 825 489 891 Cato,
501 828 642 893 tamquam
654 824 762 893 longam
774 824 894 892 aliquam
906 821 978 875 viam
987 838 1049 874 eon·

197 901 295 954 feceris
307 917 389 970 quam
401 900 479 954 nobis
492 916 602 969 quoque
618 899 827 967 ingrediendum
844 898 889 964 sit,
906 897 977 952 istuc
994 914 1049 965 qno

197 977 346 1046 pervenisti
358 976 453 1031 videro
464 976 546 1046 quale
559 976 603 1030 sit

252 1053 308 1106 ΙΙΙ.
348 1057 371 1111 7.
402 1052 486 1107 Caro.
523 1052 634 1106 Faciam
654 1055 688 1104 ut
711 1056 816 1121 potero,
841 1051 925 1107 Laeli
961 1048 1050 1118 Saepe

197 1128 269 1184 enirn
280 1129 393 1183 interfui
402 1129 522 1198 querelis
530 1143 654 1182 meorum
663 1127 936 1197 aequalium—pares
947 1129 1048 1187 autern,

197 1207 291 1259 vetere
301 1205 452 1273 proverbio,
465 1220 528 1258 cum
539 1202 653 1272 paribus
668 1202 797 1256 facillime
815 1206 1050 1269 congregantur-

197 1297 269 1350 quas
291 1281 320 1334 0.
339 1279 480 1346 Salinator,
500 1295 572 1347 qnae
597 1277 642 1345 Sp.
662 1277 788 1343 Albinus,
811 1276 934 1329 homines
957 1292 1050 1328 eonsu-

197 1354 269 1409 lares
284 1355 371 1409 nostri
383 1355 441 1408 fere
454 1352 583 1422 aequales
599 1351 743 1419 deplorare
759 1350 892 1418 solebant,
904 1354 963 1404 tum
975 1353 1050 1420 quod

198 1430 386 1498 uoluptatibus
403 1430 529 1483 carerent
547 1426 607 1480 siue
626 1426 725 1493 quibus
746 1427 831 1487 uitam
850 1426 952 1480 nullam
971 1431 1050 1496 puta·

199 1508 269 1568 rent,
280 1507 340 1558 tum
352 1503 428 1573 quod
444 1506 640 1571 spernerentur
651 1501 687 1555 ab
698 1503 732 1556 iis
749 1519 767 1555 a
784 1501 884 1570 quibus
896 1507 988 1556 esseut
998 1503 1050 1557 coli

199 1579 279 1633 soliti
317 1579 370 1645 Qui
386 1577 454 1631 mihi
465 1593 520 1630 non
532 1576 562 1630 id
574 1574 739 1632 ridebantur
750 1594 878 1632 accusare
890 1578 965 1647 quod
976 1582 1050 1633 esset

198 1655 387 1710 accusandum.
426 1652 505 1708 ¹llam
529 1652 553 1706 si
575 1652 606 1706 id
628 1653 709 1722 culpa
732 1655 881 1708 senectutis
905 1654 1049 1721 accideret,

198 1731 295 1787 eadem
307 1731 374 1785 mihi
385 1748 437 1786 usu
448 1731 573 1786 venirent
585 1731 753 1800 reliquisque
764 1730 889 1784 omnibus
900 1730 1050 1800 majoribus

198 1811 272 1875 natu,
293 1824 409 1876 quorum
432 1823 483 1875 ego
502 1806 651 1859 multorum
672 1806 785 1874 cognovi
803 1810 973 1860 senectutem
992 1807 1050 1861 sine

199 1883 316 1952 querele,
335 1884 383 1952 qui
403 1898 434 1937 se
448 1885 477 1937 et
495 1882 639 1936 libidinum
660 1881 774 1935 vinculis
794 1881 900 1936 laxatos
918 1898 979 1936 esse
996 1899 1050 1935 nou

198 1958 313 2013 moleste
324 1958 429 2013 ferrent
442 1974 493 2012 noc
509 1975 526 2012 a
541 1958 598 2011 suis
616 1957 829 2026 despicerentur.
863 1958 919 2013 Sed
930 1960 1049 2013 omnium

198 2033 353 2088 istiusmodi
375 2034 547 2104 querelamm
571 2034 600 2086 in
623 2032 745 2087 moribus
768 2038 811 2087 est
834 2034 922 2103 culpa,
945 2050 999 2087 non
1021 2035 1050 2086 in

199 2111 312 2163 aetate·
335 2109 473 2163 Moderati
493 2109 567 2162 cnim
586 2111 616 2163 et
632 2124 683 2162 uec
702 2108 826 2163 difficiles
846 2125 896 2163 uec
911 2107 1050 2161 inhumani

199 2200 278 2241 senes
286 2184 456 2240 tolerabilem
465 2187 635 2238 senectutem
644 2188 744 2252 agunt3
756 2185 948 2253 importunitas
957 2188 1050 2237 eutem

199 2264 230 2317 et
256 2260 440 2315 inhumanitas
469 2261 542 2315 ornni
569 2261 654 2314 aetati
676 2261 792 2315 molesta
818 2264 867 2314 est.
909 2265 935 2314 8.
964 2260 1049 2313 Lanu

200 2335 259 2403 Est,
277 2336 403 2403 utdicis‚
422 2335 506 2402 Gato;
524 2336 575 2389 sed
594 2335 711 2389 fortasse
728 2337 830 2390 dixerit
848 2336 980 2404 quispiam
998 2335 1050 2389 tibi

199 2415 314 2481 propter
331 2428 398 2480 opes
414 2414 443 2466 et
461 2409 561 2480 copias
571 2419 601 2465 et
617 2412 782 2480 dignitatem
799 2416 875 2465 tuam
888 2412 1051 2466 tolerabilio

200 2502 259 2540 rem
272 2489 440 2540 senectutem
452 2486 547 2553 videri,
565 2486 596 2540 id
612 2491 705 2541 eutem
723 2504 777 2541 nou
792 2504 872 2557 posse
884 2487 977 2540 multis
989 2502 1051 2539 con.

200 2562 315 2629 tingere.
352 2560 435 2615 Caro.
467 2561 517 2614 Est
537 2562 609 2616 istuc
630 2562 748 2632 quidem,
770 2563 853 2629 Laeli,
872 2562 984 2631 aliquid,
1002 2562 1050 2631 sed

200 2652 373 2706 nequaquam
397 2636 426 2690 in
449 2637 503 2693 isto
542 2641 605 2692 sunt
645 2639 741 2693 omnia
788 2640 829 2693 Ut
857 2639 1051 2693 Themistocles

199 2712 289 2767 fertur
301 2711 425 2782 Seriphio
437 2711 545 2767 cuidam
561 2713 593 2767 in
605 2714 698 2782 jurgio
715 2715 896 2785 respondisse,
909 2732 994 2785 quum
1005 2716 1051 2768 ille

201 2788 315 2844 dixisset
339 2806 394 2843 non
413 2805 477 2843 eum
499 2805 550 2843 sua
572 2789 622 2843 sed
642 2791 748 2859 patriae
770 2791 858 2859 gloria
878 2791 1051 2861 splendorem

200 2867 368 2919 assecutum:
384 2880 436 2919 nec
446 2864 565 2933 hercule,
581 2866 679 2934 inquit,
695 2867 718 2920 si
736 2884 787 2935 ego
804 2868 945 2937 Seriphius
956 2881 1052 2931 essem,

200 2937 305 3004 nobilis,
328 2955 379 2993 nec
406 2943 444 3006 tu,
466 2940 489 2994 si
513 2941 692 2995 Atheniensis
712 2958 794 3010 esses,
819 2944 908 2997 clame
933 2956 1051 3008 unquam

200 3013 305 3069 fuisses.
342 3014 422 3079 Quod
442 3016 539 3071 eodem
558 3016 640 3069 modo
659 3016 695 3069 de
716 3022 858 3071 senectute
879 3018 931 3070 dici
951 3018 1050 3082 potest

200 3090 260 3144 Nec
273 3088 385 3145 enimin
397 3105 504 3145 summa
515 3091 607 3159 inopia
618 3090 686 3145 levis
698 3108 757 3145 esse
769 3095 895 3145 senectus
907 3092 999 3157 potest
1015 3105 1050 3145 ne

199 3163 316 3231 sapienti
336 3164 456 3233 quidem,
474 3182 526 3221 nec
543 3165 683 3232 insipienti
704 3167 787 3219 etiam
804 3165 833 3217 in
851 3178 957 3217 summa
974 3160 1051 3226 eopia
